=LDR  02069 cm a22005537a 4500
=001  013796770
=003  Uk
=005  20151020103359.0
=008  070718s1962\\\\enk\\\\\\\\\\\\\\\|\eng\\
=028  22$a14550$bWalton Music.
=028  32$a7019.$bWalton Music.
=040  \\$aUk$beng$cUk
=082  14$a780$215
=100  1\$aArcadelt, Jacob,$dapproximately 1505-1568.
=245  14$aThe white-breasted lovely swan =$b(Il bianco e dolce cigno) /$cedited and English text by Geoffrey Mason, [composed by] Jacob Arcadelt.
=264  \1$aLondon :$bWalton Music,$c1962.
=300  \\$a1 score (7 pages) ;$c26 cm. (folio)
=336  \\$anotated music$2rdacontent
=337  \\$aunmediated$2rdamedia
=338  \\$avolume$2rdacarrier
=340  \\$mfolio$2rdabf
=700  1\$aMason, Geoffrey M.
=852  41$aBritish Library$bMUSIC$jE.1908.o.(2.)
=985  \\$aAddress on t.p.: 50, New Bond Street, W.1.
=985  \\$aCorrected by BSS-generated file
=985  \\$aRecord amended for WR# 13/070
=985  \\$aCorrected by MS generated file for WR# 1805-0738
=CAT  \\$a12754$b40$c20070718$lBLL01$h1514
=CAT  \\$a12754$b40$c20070720$lBLL01$h1436
=CAT  \\$aBLSS-CORR$b00$c20080705$lBLL01$h2205
=CAT  \\$aBLSS-CORR9$c20090508$lBLL01$h1638
=CAT  \\$aBATCH-UPD$b00$c20091117$lBLL01$h1557
=CAT  \\$aBATCH$b00$c20091117$lBLL01$h1624
=CAT  \\$aBATCH-UPD$b00$c20121031$lBLL01$h1324
=CAT  \\$aBATCH-UPD$b00$c20121114$lBLL01$h1701
=CAT  \\$aWR13_070$b00$c20130504$lBLL01$h0253
=CAT  \\$aWR13_070C$c20130611$lBLL01$h1854
=CAT  \\$aWR13_204$c20140208$lBLL01$h1009
=CAT  \\$aWR13_204$c20140208$lBLL01$h1034
=CAT  \\$a7988$b40$c20150708$lBLL01$h1107
=CAT  \\$aWR15_100$c20150913$lBLL01$h1618
=CAT  \\$a12274$b40$c20151020$lBLL01$h1033
=CAT  \\$c20151020$lBLL01$h1222
=CAT  \\$c20151020$lBLL01$h1322
=CAT  \\$a1805-0738$c20181228$lBLL01$h1813
=CAT  \\$a1805-0738$b00$c20181228$lBLL01$h1902
=FMT  \\$a  MU
=LAS  \\$a1805-0738$b00$c20181228$lBLL01$h1902
=STA  \\$bPreliminary Record

