=LDR  01646 cm a22004577a 4500
=001  013797237
=003  Uk
=005  20151022102322.0
=008  070719q18831903enk\\\\\\\\\\\\\\\|\zxx\\
=040  \\$aUk$beng$cUk
=082  14$a780$215
=100  1\$aAsch, Georg.
=245  10$a"Russian Dances"$b(Danse des Russes)$cComposeè pour le piano par George Asch.
=264  \1$aLondon, 22 Paternoster Row. E. C :$bHart & Co,$c[between 1883 and 1903]
=300  \\$a7 pages ;$c37 cm. (folio)
=336  \\$anotated music$2rdacontent
=337  \\$aunmediated$2rdamedia
=338  \\$avolume$2rdacarrier
=340  \\$mfolio$2rdabf
=852  41$aBritish Library$bMUSIC$ji.219.d.(12.)
=985  \\$aCorrected by MS generated file for WR# 1805-0738
=CAT  \\$a12754$b40$c20070719$lBLL01$h1405
=CAT  \\$aBATCH-UPD$b40$c20091117$lBLL01$h1557
=CAT  \\$aBATCH$b00$c20091117$lBLL01$h1624
=CAT  \\$aBATCH-UPD$b00$c20121031$lBLL01$h1324
=CAT  \\$aBATCH-UPD$b00$c20121114$lBLL01$h1701
=CAT  \\$aWR13_204$c20140208$lBLL01$h1009
=CAT  \\$aWR13_204$c20140208$lBLL01$h1034
=CAT  \\$a7988$b40$c20140317$lBLL01$h0942
=CAT  \\$a8456$b40$c20141114$lBLL01$h1124
=CAT  \\$a8456$b40$c20141114$lBLL01$h1153
=CAT  \\$aWR15_100$c20150913$lBLL01$h1618
=CAT  \\$c20151020$lBLL01$h1222
=CAT  \\$c20151020$lBLL01$h1322
=CAT  \\$a12274$b40$c20151022$lBLL01$h1023
=CAT  \\$a1805-0738$c20181228$lBLL01$h1813
=CAT  \\$a1805-0738$b00$c20181228$lBLL01$h1902
=CAT  \\$aW1904-0451$c20190428$lBLL01$h1307
=FMT  \\$a  MU
=LAS  \\$aW1904-0451$b00$c20190428$lBLL01$h1307
=STA  \\$bPreliminary Record

