=LDR  01767 cm a22004817a 4500
=001  013797803
=003  Uk
=005  20151029095544.0
=008  070720q18401850enk||l\\\\\\\\\n\\|\zxx\\
=040  \\$aUk$beng$cUk
=082  14$a780$215
=100  1\$aAuber, D. F. E.$q(Daniel François Esprit),$d1782-1871.
=240  10$aLestocq.$pOuverture
=245  14$aThe overture to the opera of Lestocq$ccomposed by D. F. E. Auber.
=264  \1$aLondon, Soho Square :$bD'Almaine & Co,$c[between 1840 and 1850?]
=300  \\$a11 pages ;$c31 cm. (folio)
=336  \\$anotated music$2rdacontent
=337  \\$aunmediated$2rdamedia
=338  \\$avolume$2rdacarrier
=340  \\$mfolio$2rdabf
=852  41$aBritish Library$bMUSIC$jg.607.ee.(1.)
=985  \\$aCorrected by BSS-generated file
=985  \\$aCorrected by MS generated file for WR# 1805-0738
=CAT  \\$a12754$b40$c20070720$lBLL01$h0949
=CAT  \\$aBLSS-CORR$b00$c20080705$lBLL01$h2205
=CAT  \\$aBLSS-CORR9$c20090508$lBLL01$h1638
=CAT  \\$aBATCH-UPD$b00$c20091117$lBLL01$h1557
=CAT  \\$aBATCH$b00$c20091117$lBLL01$h1624
=CAT  \\$aBATCH-UPD$b00$c20101205$lBLL01$h2216
=CAT  \\$aBATCH-UPD$b00$c20121031$lBLL01$h1324
=CAT  \\$aBATCH-UPD$b00$c20121114$lBLL01$h1701
=CAT  \\$a12274$b40$c20140210$lBLL01$h1140
=CAT  \\$a7988$b40$c20141002$lBLL01$h1140
=CAT  \\$aWR15_100$c20150913$lBLL01$h1618
=CAT  \\$c20151020$lBLL01$h1222
=CAT  \\$c20151020$lBLL01$h1322
=CAT  \\$a12274$b40$c20151029$lBLL01$h0955
=CAT  \\$a1805-0738$c20181228$lBLL01$h1813
=CAT  \\$a1805-0738$b00$c20181228$lBLL01$h1902
=CAT  \\$aW1904-0451$c20190428$lBLL01$h1307
=FMT  \\$a  MU
=LAS  \\$aW1904-0451$b00$c20190428$lBLL01$h1307
=STA  \\$bPreliminary Record

