=LDR  01738 cm a22004817a 4500
=001  013798462
=003  Uk
=005  20141114115009.0
=008  070723s1903\\\\enk\\\\\\\\\\\\\\\|\zxx\\
=028  22$aA. 615 L.$bAlfred Lengnick.
=040  \\$aUk$beng$cUk
=082  14$a780$215
=100  1\$aBairstow, Edward C.$q(Edward Cuthbert),$d1874-1946.
=245  10$aNocturne in D flat,$bfor the organ$cby Edward C. Bairstow.
=264  \1$aLondon :$bAlfred Lengnick,$cc1903.
=300  \\$a11 pages ;$c27 cm x 34 cm. (folio)
=336  \\$anotated music$2rdacontent
=337  \\$aunmediated$2rdamedia
=338  \\$avolume$2rdacarrier
=340  \\$mfolio$2rdabf
=852  41$aBritish Library$bMUSIC$jf.298.u.(1.)
=985  \\$aAddress on t.p.: 58 Berners Street, W.
=985  \\$aCorrected by MS generated file for WR# 1805-0738
=CAT  \\$a12754$b40$c20070723$lBLL01$h1012
=CAT  \\$aBATCH-UPD$b40$c20080316$lBLL01$h1108
=CAT  \\$aBATCH-UPD$b40$c20091117$lBLL01$h1557
=CAT  \\$aBATCH$b00$c20091117$lBLL01$h1624
=CAT  \\$aBATCH-UPD$b00$c20121031$lBLL01$h1324
=CAT  \\$aBATCH-UPD$b00$c20121114$lBLL01$h1701
=CAT  \\$aWR13_204$c20140208$lBLL01$h1009
=CAT  \\$aWR13_204$c20140208$lBLL01$h1034
=CAT  \\$a7988$b40$c20141009$lBLL01$h0922
=CAT  \\$a8456$b40$c20141114$lBLL01$h1132
=CAT  \\$a8456$b40$c20141114$lBLL01$h1150
=CAT  \\$aWR15_100$c20150913$lBLL01$h1618
=CAT  \\$c20151020$lBLL01$h1222
=CAT  \\$c20151020$lBLL01$h1322
=CAT  \\$a1805-0738$c20181228$lBLL01$h1813
=CAT  \\$a1805-0738$b00$c20181228$lBLL01$h1902
=CAT  \\$aW1904-0451$c20190428$lBLL01$h1307
=FMT  \\$a  MU
=LAS  \\$aW1904-0451$b00$c20190428$lBLL01$h1307
=STA  \\$bPreliminary Record

