=LDR  01540 cm a22004337a 4500
=001  013808931
=003  Uk
=005  20171127171904.0
=008  070803q18791882enk|||\\\\\\\\\n\\|\lat\\
=040  \\$aUk$beng$cUk
=082  14$a780$215
=100  1\$aBrown, Arthur Henry,$d1830-1926.
=245  10$aTe Deum laudamus. ...$cby Arthur Henry Brown,
=264  \1$aLondon, 60 Paternoster Row :$bB. Williams,$c[between 1879 and 1882]
=300  \\$a1 score (8 pages) ;$c19 cm. (folio)
=336  \\$anotated music$2rdacontent
=337  \\$aunmediated$2rdamedia
=338  \\$avolume$2rdacarrier
=340  \\$mfolio$2rdabf
=852  41$aBritish Library$bMUSIC$jB.880.kk.(1.)
=985  \\$aCorrected by MS generated file for WR# 1805-0738
=CAT  \\$a12754$b40$c20070803$lBLL01$h1519
=CAT  \\$aBATCH-UPD$b40$c20091117$lBLL01$h1557
=CAT  \\$aBATCH$b00$c20091117$lBLL01$h1624
=CAT  \\$aBATCH-UPD$b00$c20121031$lBLL01$h1324
=CAT  \\$aBATCH-UPD$b00$c20121114$lBLL01$h1702
=CAT  \\$aWR13_204$c20140208$lBLL01$h1009
=CAT  \\$aWR13_204$c20140208$lBLL01$h1034
=CAT  \\$a7988$b40$c20150706$lBLL01$h1045
=CAT  \\$aWR15_100$c20150913$lBLL01$h1619
=CAT  \\$c20151020$lBLL01$h1222
=CAT  \\$c20151020$lBLL01$h1322
=CAT  \\$a12274$b40$c20171127$lBLL01$h1718
=CAT  \\$a12274$b40$c20171127$lBLL01$h1719
=CAT  \\$a1805-0738$c20181228$lBLL01$h1813
=CAT  \\$a1805-0738$b00$c20181228$lBLL01$h1902
=FMT  \\$a  MU
=LAS  \\$a1805-0738$b00$c20181228$lBLL01$h1902
=STA  \\$bPreliminary Record

