=LDR  01826 cm a22005057a 4500
=001  013817252
=003  Uk
=005  20150602105524.0
=008  070814s\\\\\\\\enk\\\\\\\\\\\\\\\|\zxx\\
=028  22$aL. M. 769 P. Co.$bThe London Music Publishing Company.
=040  \\$aUk$beng$cUk
=082  14$a780$215
=100  1\$aCouperin, François,$d1668-1733.
=245  10$aSoeur Monique$brondo by F. Couperin$carranged by James Shaw.
=264  \1$aLondon :$bThe London Music Publishing Company,$c[s.d.]
=300  \\$a5 pages (folio) ;$c26 x 36 cm. (folio)
=336  \\$anotated music$2rdacontent
=337  \\$aunmediated$2rdamedia
=338  \\$avolume$2rdacarrier
=340  \\$mfolio$2rdabf
=490  0\$aOrgan Solos.
=500  \\$aNo. 1
=700  1\$aShaw, James,$d1842-1907.
=852  41$aBritish Library$bMUSIC$je.174.mm.(9.)
=985  \\$aAddress on t.p.: 54 Great Marlborough Street.
=985  \\$aCorrected by MS generated file for WR# 1805-0738
=CAT  \\$a12754$b40$c20070814$lBLL01$h1222
=CAT  \\$aBATCH-UPD$b40$c20091117$lBLL01$h1557
=CAT  \\$aBATCH$b00$c20091117$lBLL01$h1624
=CAT  \\$aBATCH-UPD$b00$c20100304$lBLL01$h2034
=CAT  \\$a11814$b40$c20110727$lBLL01$h1444
=CAT  \\$aBATCH-UPD$b40$c20121031$lBLL01$h1324
=CAT  \\$aBATCH-UPD$b40$c20121114$lBLL01$h1702
=CAT  \\$aWR13_204$c20140208$lBLL01$h1009
=CAT  \\$aWR13_204$c20140208$lBLL01$h1034
=CAT  \\$a7988$b40$c20150602$lBLL01$h1055
=CAT  \\$aWR15_100$c20150915$lBLL01$h0345
=CAT  \\$c20151020$lBLL01$h1222
=CAT  \\$c20151020$lBLL01$h1322
=CAT  \\$a1805-0738$c20181228$lBLL01$h1813
=CAT  \\$a1805-0738$b00$c20181228$lBLL01$h1902
=CAT  \\$aW1904-0451$c20190428$lBLL01$h1307
=FMT  \\$a  MU
=LAS  \\$aW1904-0451$b00$c20190428$lBLL01$h1307
=STA  \\$bPreliminary Record

