=LDR  01496 cm a22004097a 4500
=001  013823204
=003  Uk
=005  20150602105432.0
=008  070821s\\\\\\\\enk\\\\\\\\\\\\\\\|\zxx\\
=028  22$aL. M. 1346 P. Co.$bLondon Music Publishing Co.
=040  \\$aUk$beng$cUk
=082  14$a780$215
=100  1\$aGautier, Léonard.
=245  10$aGrande marche sacrée$ccomposed by Leonard Gautier transcribed for the organ by W. J. Westbrook Mus. Doc. Cantab.
=260  \\$aLondon :$bThe London Music Publishing Co.,$c[s.d.]
=300  \\$a7 p. ;$c26 cm.
=336  \\$anotated music$2rdacontent
=337  \\$aunmediated$2rdamedia
=338  \\$avolume$2rdacarrier
=852  41$aBritish Library$bMUSIC$je.174.mm.(8.)
=985  \\$aAddress on t.p.: 7, Great Marlborough Street, W.
=CAT  \\$a11696$b40$c20070821$lBLL01$h1549
=CAT  \\$aBATCH-UPD$b40$c20091117$lBLL01$h1557
=CAT  \\$aBATCH$b00$c20091117$lBLL01$h1624
=CAT  \\$aBATCH-UPD$b00$c20120205$lBLL01$h2009
=CAT  \\$aBATCH-UPD$b00$c20121031$lBLL01$h1324
=CAT  \\$aBATCH-UPD$b00$c20121114$lBLL01$h1702
=CAT  \\$aWR13_204$c20140208$lBLL01$h1010
=CAT  \\$aWR13_204$c20140208$lBLL01$h1034
=CAT  \\$a7988$b40$c20150602$lBLL01$h1054
=CAT  \\$aWR15_100$c20150915$lBLL01$h0345
=CAT  \\$c20151020$lBLL01$h1222
=CAT  \\$c20151020$lBLL01$h1322
=CAT  \\$aW1904-0451$c20190428$lBLL01$h1307
=FMT  \\$a  MU
=LAS  \\$aW1904-0451$b00$c20190428$lBLL01$h1307
=STA  \\$bPreliminary Record

