=LDR  01625 cm a22004577a 4500
=001  013825024
=003  Uk
=005  20150703093304.0
=008  070822s\\\\\\\\enk\\\\\\\\\\\\\\\|\zxx\\
=028  22$aE. D. 7626$bE. Donajowski.
=040  \\$aUk$beng$cUk
=082  14$a780$215
=100  1\$aFaulkes, William,$d1863-1933.
=245  10$aVolume 9. William Faulkes original organ compositions.
=264  \1$aLondon :$bE. Donajowski,$c[s.d.]
=300  \\$a12 pages ;$c26 x 33 cm. (folio)
=336  \\$anotated music$2rdacontent
=337  \\$aunmediated$2rdamedia
=338  \\$avolume$2rdacarrier
=340  \\$mfolio$2rdabf
=505  0\$aProcessional march. -- Cantilene pastorale. -- Caprice.
=852  41$aBritish Library$bMUSIC$je.174.nn.
=985  \\$aAddress on t.p.: 26 Castle Street, W.
=985  \\$aCorrected by MS generated file for WR# 1805-0738
=CAT  \\$a12754$b40$c20070822$lBLL01$h1019
=CAT  \\$aBATCH-UPD$b40$c20091117$lBLL01$h1557
=CAT  \\$aBATCH$b00$c20091117$lBLL01$h1624
=CAT  \\$aBATCH-UPD$b00$c20121031$lBLL01$h1324
=CAT  \\$aBATCH-UPD$b00$c20121114$lBLL01$h1702
=CAT  \\$aWR13_204$c20140208$lBLL01$h1010
=CAT  \\$aWR13_204$c20140208$lBLL01$h1034
=CAT  \\$a7988$b40$c20150703$lBLL01$h0933
=CAT  \\$aWR15_100$c20150915$lBLL01$h0345
=CAT  \\$c20151020$lBLL01$h1222
=CAT  \\$c20151020$lBLL01$h1322
=CAT  \\$a1805-0738$c20181228$lBLL01$h1813
=CAT  \\$a1805-0738$b00$c20181228$lBLL01$h1902
=CAT  \\$aW1904-0451$c20190428$lBLL01$h1307
=FMT  \\$a  MU
=LAS  \\$aW1904-0451$b00$c20190428$lBLL01$h1307
=STA  \\$bPreliminary Record

