=LDR  01664 cm a22004817a 4500
=001  013887201
=003  Uk
=005  20150602104535.0
=008  070910s1922\\\\enk\\\\\\\\\\\\\\\|\zxx\\
=028  32$a57361$bW. Paxton & Co.
=040  \\$aUk$beng$cUk
=082  14$a780$215
=100  1\$aJenkins, Cyril.
=245  10$aNight.$bTone picture.$cCyril Jenkins.
=264  \1$aLondon :$bW. Paxton,$cc1922.
=300  \\$a3 pages ;$c24 x 32 cm. (folio)
=336  \\$anotated music$2rdacontent
=337  \\$aunmediated$2rdamedia
=338  \\$avolume$2rdacarrier
=340  \\$mfolio$2rdabf
=490  0\$aPaxton's organ library.
=852  41$aBritish Library$bMUSIC$je.174.mm.(1.)
=985  \\$aAddress on t.p.: 95 New Oxford Street.
=985  \\$aCorrected by MS generated file for WR# 1805-0738
=CAT  \\$a12754$b40$c20070910$lBLL01$h1414
=CAT  \\$aBATCH-UPD$b40$c20091117$lBLL01$h1558
=CAT  \\$aBATCH$b00$c20091117$lBLL01$h1624
=CAT  \\$aBATCH-UPD$b00$c20121031$lBLL01$h1324
=CAT  \\$aBATCH-UPD$b00$c20121114$lBLL01$h1702
=CAT  \\$aBATCH-UPD$b00$c20121114$lBLL01$h1714
=CAT  \\$aBATCH-UPD$b00$c20131208$lBLL01$h2158
=CAT  \\$aWR13_204$c20140208$lBLL01$h1010
=CAT  \\$aWR13_204$c20140208$lBLL01$h1034
=CAT  \\$a7988$b40$c20150602$lBLL01$h1045
=CAT  \\$aWR15_100$c20150915$lBLL01$h0346
=CAT  \\$c20151020$lBLL01$h1222
=CAT  \\$c20151020$lBLL01$h1323
=CAT  \\$a1805-0738$c20181228$lBLL01$h1814
=CAT  \\$a1805-0738$b00$c20181228$lBLL01$h1902
=CAT  \\$aW1904-0451$c20190428$lBLL01$h1307
=FMT  \\$a  MU
=LAS  \\$aW1904-0451$b00$c20190428$lBLL01$h1307
=STA  \\$bPreliminary Record

