=LDR  01555 cm a22004457a 4500
=001  013887576
=003  Uk
=005  20190423171715.0
=008  070911s\\\\\\\\\\\\\\\\\\\\\\\\\\|\eng\\
=040  \\$aUk$beng$cUk
=082  14$a780$215
=100  0\$aA. P. I.
=245  10$aFor rest and peace.$bTune, Motcombe.$cWords by T. Johnson. [Music by] A. P. I.
=264  \1$a[s.l.] :$b[s.n.],$c[s.d.]
=300  \\$a1 score ([1] page) ;$c21 cm (folio)
=336  \\$anotated music$2rdacontent
=337  \\$aunmediated$2rdamedia
=338  \\$avolume$2rdacarrier
=340  \\$mfolio$2rdabf
=700  1\$aJohnson, T.
=852  41$aBritish Library$bMUSIC$jC.800.t.(7.)
=985  \\$aCorrected by MS generated file for WR# 1805-0738
=CAT  \\$a12754$b40$c20070911$lBLL01$h0913
=CAT  \\$aBATCH-UPD$b40$c20080316$lBLL01$h0017
=CAT  \\$aBATCH-UPD$b40$c20091117$lBLL01$h1558
=CAT  \\$aBATCH$b00$c20091117$lBLL01$h1624
=CAT  \\$aBATCH-UPD$b00$c20121031$lBLL01$h1324
=CAT  \\$aBATCH-UPD$b00$c20121114$lBLL01$h1702
=CAT  \\$a11814$b40$c20131211$lBLL01$h1045
=CAT  \\$aWR13_204$c20140208$lBLL01$h1010
=CAT  \\$aWR13_204$c20140208$lBLL01$h1034
=CAT  \\$a7988$b40$c20150706$lBLL01$h1049
=CAT  \\$aWR15_100$c20150915$lBLL01$h0346
=CAT  \\$c20151020$lBLL01$h1323
=CAT  \\$a1805-0738$c20181228$lBLL01$h1814
=CAT  \\$a1805-0738$b00$c20181228$lBLL01$h1902
=CAT  \\$aW1903-0505$b00$c20190423$lBLL01$h1717
=FMT  \\$a  MU
=LAS  \\$aW1903-0505$b00$c20190423$lBLL01$h1717
=STA  \\$bPreliminary Record

