=LDR  01401 cm a22003977a 4500
=001  013949220
=003  Uk
=005  20150706103852.0
=008  070918s1977\\\\\\\\\\\\\\\\\\\\\\|\zxx\\
=040  \\$aUk$beng$cUk
=082  14$a780$215
=100  1\$aLecuona, Ernesto,$d1896-1963.
=245  10$aAquella tarde$bViola y piano$cErnesto Lecuona
=260  \\$aHavana :$bEdiciones del Patrimonio Musical de Cuba,$cc.1977
=300  \\$a1 score [9 p.] ;$c28 cm
=336  \\$anotated music$2rdacontent
=337  \\$aunmediated$2rdamedia
=338  \\$avolume$2rdacarrier
=500  \\$aWith separate viola part
=852  41$aBritish Library$bMUSIC$jf.782.qq.(3.)
=985  \\$aAddress on t.p.: [Campanario No, 315 - La Habana 2 - Cuba]
=CAT  \\$a11696$b40$c20070918$lBLL01$h1013
=CAT  \\$a11696$b40$c20070918$lBLL01$h1015
=CAT  \\$aBATCH-UPD$b40$c20091117$lBLL01$h1558
=CAT  \\$aBATCH$b00$c20091117$lBLL01$h1624
=CAT  \\$aBATCH-UPD$b00$c20121031$lBLL01$h1324
=CAT  \\$aBATCH-UPD$b00$c20121114$lBLL01$h1702
=CAT  \\$aWR13_204$c20140208$lBLL01$h1010
=CAT  \\$aWR13_204$c20140208$lBLL01$h1034
=CAT  \\$a7988$b40$c20150706$lBLL01$h1038
=CAT  \\$aWR15_100$c20150915$lBLL01$h0346
=CAT  \\$c20151020$lBLL01$h1323
=CAT  \\$aW1904-0451$c20190428$lBLL01$h1307
=FMT  \\$a  MU
=LAS  \\$aW1904-0451$b00$c20190428$lBLL01$h1307
=STA  \\$bPreliminary Record

