=LDR  01378 cm a22003977a 4500
=001  013949244
=003  Uk
=005  20150604104529.0
=008  070918s1929\\\\enk\\\\\\\\\\\\\\\|\zxx\\
=028  22$aCCB 428.$bCampbell, Connelly & Co.
=040  \\$aUk$beng$cUk
=082  14$a780$215
=100  1\$aLecuona, Ernesto,$d1896-1963.
=245  10$aMalaguena$bpiano solo from Suite Espagnole$cErnesto Lecuona
=260  \\$aLondon :$bCampbell, Connelly & Co.,$cc.1929
=300  \\$a8 p. ;$c28 cm
=336  \\$anotated music$2rdacontent
=337  \\$aunmediated$2rdamedia
=338  \\$avolume$2rdacarrier
=852  41$aBritish Library$bMUSIC$jf.782.oo.(1.)
=985  \\$aAddress on t.p.: 10 Denmark St., London, W. C. 2
=CAT  \\$a11696$b40$c20070918$lBLL01$h1029
=CAT  \\$aBATCH-UPD$b40$c20091117$lBLL01$h1558
=CAT  \\$aBATCH$b00$c20091117$lBLL01$h1624
=CAT  \\$aBATCH-UPD$b00$c20121031$lBLL01$h1324
=CAT  \\$aBATCH-UPD$b00$c20121114$lBLL01$h1702
=CAT  \\$aWR13_204$c20140208$lBLL01$h1010
=CAT  \\$aWR13_204$c20140208$lBLL01$h1034
=CAT  \\$a7988$b40$c20150604$lBLL01$h1045
=CAT  \\$aWR15_100$c20150915$lBLL01$h0346
=CAT  \\$c20151020$lBLL01$h1222
=CAT  \\$c20151020$lBLL01$h1323
=CAT  \\$aW1904-0451$c20190428$lBLL01$h1307
=FMT  \\$a  MU
=LAS  \\$aW1904-0451$b00$c20190428$lBLL01$h1307
=STA  \\$bPreliminary Record

