=LDR  01712 cm a22004337a 4500
=001  013949375
=003  Uk
=005  20150608085741.0
=008  070918s\\\\\\\\enk\\\\\\\\\\\\\\\|\eng\\
=040  \\$aUk$beng$cUk
=082  14$a780$215
=100  1\$aLee, Alexander,$d1802-1851.
=245  14$aThe merry Swiss maid :$bas sung by Madame Vestris, in the One hundred pound note, of the Theatre Royal Covent Garden. Arranged, with additional alterations, from the original Schweizer air ...$cby Alexander Lee.
=264  \1$aLondon :$bAlexander Lee & Lee,$c[s.d.]
=300  \\$a1 score (5 pages) ;$c31 cm. (folio)
=336  \\$anotated music$2rdacontent
=337  \\$aunmediated$2rdamedia
=338  \\$avolume$2rdacarrier
=340  \\$mfolio$2rdabf
=852  41$aBritish Library$bMUSIC$jG.804.tt.(2.)
=985  \\$aAddress on t.p.: The Regency Musical Warehouse 86 Regent's Quadrant.
=985  \\$aCorrected by MS generated file for WR# 1805-0738
=CAT  \\$a11696$b40$c20070918$lBLL01$h1155
=CAT  \\$aBATCH-UPD$b40$c20091117$lBLL01$h1558
=CAT  \\$aBATCH$b00$c20091117$lBLL01$h1624
=CAT  \\$aBATCH-UPD$b00$c20101220$lBLL01$h2133
=CAT  \\$aBATCH-UPD$b00$c20121031$lBLL01$h1324
=CAT  \\$aBATCH-UPD$b00$c20121114$lBLL01$h1702
=CAT  \\$aWR13_204$c20140208$lBLL01$h1010
=CAT  \\$aWR13_204$c20140208$lBLL01$h1034
=CAT  \\$a7988$b40$c20150608$lBLL01$h0857
=CAT  \\$aWR15_100$c20150915$lBLL01$h0346
=CAT  \\$c20151020$lBLL01$h1222
=CAT  \\$c20151020$lBLL01$h1323
=CAT  \\$a1805-0738$c20181228$lBLL01$h1814
=CAT  \\$a1805-0738$b00$c20181228$lBLL01$h1902
=FMT  \\$a  MU
=LAS  \\$a1805-0738$b00$c20181228$lBLL01$h1902
=STA  \\$bPreliminary Record

