=LDR  01233 cm a22003737a 4500
=001  013949659
=003  Uk
=005  20150706110537.0
=008  070918s\\\\\\\\\\\\\\\\\\\\\\\\\\|\eng\\
=028  22$a2.$bJoseph Lees.
=040  \\$aUk$beng$cUk
=082  14$a780$215
=100  10$aLees, Joseph.
=245  14$aThe Lord's prayer$b(key of D flat)$cmusic by Joseph Lees.
=260  \\$aOldham :$bJoseph Lees,$c[s.d.]
=300  \\$a1 score (4 p.) ;$c22 cm.
=336  \\$anotated music$2rdacontent
=337  \\$aunmediated$2rdamedia
=338  \\$avolume$2rdacarrier
=852  41$aBritish Library$bMUSIC$jD.856.l.(5.)
=985  \\$aAddress on t.p.: 112, Manchester Street Oldham
=CAT  \\$a11696$b40$c20070918$lBLL01$h1457
=CAT  \\$aBATCH-UPD$b40$c20091117$lBLL01$h1558
=CAT  \\$aBATCH$b00$c20091117$lBLL01$h1624
=CAT  \\$aBATCH-UPD$b00$c20121031$lBLL01$h1324
=CAT  \\$aBATCH-UPD$b00$c20121114$lBLL01$h1702
=CAT  \\$aWR13_204$c20140208$lBLL01$h1010
=CAT  \\$aWR13_204$c20140208$lBLL01$h1034
=CAT  \\$a7988$b40$c20150706$lBLL01$h1105
=CAT  \\$aWR15_100$c20150915$lBLL01$h0346
=CAT  \\$c20151020$lBLL01$h1323
=FMT  \\$a  MU
=LAS  \\$c20151020$lBLL01$h1323
=STA  \\$bPreliminary Record

