=LDR  01676 cm a22004577a 4500
=001  013949689
=003  Uk
=005  20140307093714.0
=008  070918s\\\\\\\\enk\\\\\\\\\\\\\\\|\zxx\\
=028  22$a5083.$bCramer, Beale & Co.
=040  \\$aUk$beng$cUk
=082  14$a780$215
=100  1\$aLefébure-Wély, Louis James Alfred,$d1817-1870.
=245  14$aLes echoes de la Loire,$ballegretto, pour le piano ...$cpar Lefébure Wély.
=264  \1$aLondon :$bCramer, Beale & Co,$c[s.d.]
=300  \\$a5 pages ;$c36 cm. (folio)
=336  \\$anotated music$2rdacontent
=337  \\$aunmediated$2rdamedia
=338  \\$avolume$2rdacarrier
=340  \\$mfolio$2rdabf
=852  41$aBritish Library$bMUSIC$ji.233.zz.(18.)
=985  \\$aAddress on t.p.: 201, Regent Street, & 67, Conduit Street.
=985  \\$aCorrected by MS generated file for WR# 1805-0738
=CAT  \\$a11696$b40$c20070918$lBLL01$h1520
=CAT  \\$aBATCH-UPD$b40$c20091117$lBLL01$h1558
=CAT  \\$aBATCH$b00$c20091117$lBLL01$h1624
=CAT  \\$aBATCH-UPD$b00$c20121031$lBLL01$h1324
=CAT  \\$aBATCH-UPD$b00$c20121114$lBLL01$h1702
=CAT  \\$aBATCH-UPD$b00$c20131025$lBLL01$h2151
=CAT  \\$aWR13_204$c20140208$lBLL01$h1010
=CAT  \\$aWR13_204$c20140208$lBLL01$h1034
=CAT  \\$a7988$b40$c20140307$lBLL01$h0937
=CAT  \\$aWR15_100$c20150915$lBLL01$h0346
=CAT  \\$c20151020$lBLL01$h1222
=CAT  \\$c20151020$lBLL01$h1323
=CAT  \\$a1805-0738$c20181228$lBLL01$h1814
=CAT  \\$a1805-0738$b00$c20181228$lBLL01$h1902
=CAT  \\$aW1904-0451$c20190428$lBLL01$h1307
=FMT  \\$a  MU
=LAS  \\$aW1904-0451$b00$c20190428$lBLL01$h1307
=STA  \\$bPreliminary Record

