=LDR  01648 cm a22004577a 4500
=001  013949868
=003  Uk
=005  20140317093806.0
=008  070918s\\\\\\\\enk\\\\\\\\\\\\\\\|\zxx\\
=040  \\$aUk$beng$cUk
=082  14$a780$215
=100  1\$aLeopold, Bernardo
=245  10$aWaltzes by classical composers$bNo. 1. Military waltz. Beethoven.$cEdited by B. Leopold
=264  \1$aLondon :$bSwan & Pentland,$c[s.d.]
=300  \\$a5 pages ;$c37 cm. (folio)
=336  \\$anotated music$2rdacontent
=337  \\$aunmediated$2rdamedia
=338  \\$avolume$2rdacarrier
=340  \\$mfolio$2rdabf
=700  1\$aBeethoven, Ludwig van,$d1770-1827.
=852  41$aBritish Library$bMUSIC$ji.219.d.(17.)
=985  \\$aAddress on t.p.: 3 Great Marlborough Street London
=985  \\$aCorrected by MS generated file for WR# 1805-0738
=CAT  \\$a11696$b40$c20070918$lBLL01$h1635
=CAT  \\$aBATCH-UPD$b40$c20091117$lBLL01$h1558
=CAT  \\$aBATCH$b00$c20091117$lBLL01$h1624
=CAT  \\$aBATCH-UPD$b00$c20121031$lBLL01$h1324
=CAT  \\$aBATCH-UPD$b00$c20121114$lBLL01$h1702
=CAT  \\$aWR13_204$c20140208$lBLL01$h1010
=CAT  \\$aWR13_204$c20140208$lBLL01$h1034
=CAT  \\$a7988$b40$c20140317$lBLL01$h0938
=CAT  \\$aWR15_100$c20150915$lBLL01$h0346
=CAT  \\$aBATCH-UPD$b00$c20150915$lBLL01$h0403
=CAT  \\$c20151020$lBLL01$h1222
=CAT  \\$c20151020$lBLL01$h1323
=CAT  \\$a1805-0738$c20181228$lBLL01$h1814
=CAT  \\$a1805-0738$b00$c20181228$lBLL01$h1902
=CAT  \\$aW1904-0451$c20190428$lBLL01$h1307
=FMT  \\$a  MU
=LAS  \\$aW1904-0451$b00$c20190428$lBLL01$h1307
=STA  \\$bPreliminary Record

