=LDR  01737 cm a22004697a 4500
=001  013952041
=003  Uk
=005  20140307094221.0
=008  070920s1919\\\\enk\\\\\\\\\\\\\\\|\zxx\\
=028  22$aA. H. & C.Ltd. 10081a.$bAscherberg, Hopwood & Crew.
=040  \\$aUk$beng$cUk
=082  14$a780$215
=100  1\$aLestrange, Bertram
=245  14$aThe bells of St. Mary's waltz$bon the celebrated song by A. Emmett Adams$carranged by Bertram Lestrange
=264  \1$aLondon :$bAsherberg, Hopwood & Crew,$cc.1919.
=300  \\$a7 pages ;$c36 cm. (folio)
=336  \\$anotated music$2rdacontent
=337  \\$aunmediated$2rdamedia
=338  \\$avolume$2rdacarrier
=340  \\$mfolio$2rdabf
=700  1\$aAdams, A. E.$q(A. Emmett).
=852  41$aBritish Library$bMUSIC$ji.233.zz.(24.)
=985  \\$aAddress on t.p.: 16, Mortimer Street, London, W.1.
=985  \\$aCorrected by MS generated file for WR# 1805-0738
=CAT  \\$a11696$b40$c20070920$lBLL01$h1038
=CAT  \\$aBATCH-UPD$b40$c20091117$lBLL01$h1558
=CAT  \\$aBATCH$b00$c20091117$lBLL01$h1624
=CAT  \\$aBATCH-UPD$b00$c20121031$lBLL01$h1325
=CAT  \\$aBATCH-UPD$b00$c20121114$lBLL01$h1702
=CAT  \\$aWR13_204$c20140208$lBLL01$h1010
=CAT  \\$aWR13_204$c20140208$lBLL01$h1034
=CAT  \\$a7988$b40$c20140307$lBLL01$h0942
=CAT  \\$aWR15_100$c20150915$lBLL01$h0346
=CAT  \\$c20151020$lBLL01$h1222
=CAT  \\$c20151020$lBLL01$h1323
=CAT  \\$aBATCH-UPD$b00$c20161216$lBLL01$h2050
=CAT  \\$a1805-0738$c20181228$lBLL01$h1814
=CAT  \\$a1805-0738$b00$c20181228$lBLL01$h1902
=CAT  \\$aW1904-0451$c20190428$lBLL01$h1307
=FMT  \\$a  MU
=LAS  \\$aW1904-0451$b00$c20190428$lBLL01$h1307
=STA  \\$bPreliminary Record

