=LDR  01659 cm a22004577a 4500
=001  013952198
=003  Uk
=005  20150602105024.0
=008  070920s\\\\\\\\enk\\\\\\\\\\\\\\\|\zxx\\
=028  22$aL. M. 1981 P.C.$bLondon Music Press.
=040  \\$aUk$beng$cUk
=082  14$a780$215
=100  1\$aLewis, [James Henry]
=245  10$aBenediction$bandante in G for the organ with pedal obbligato$cby J. H. Lewis, Mus. Doc., D. C. L.
=264  \1$aLondon :$bLondon Music Press,$c[s.d.]
=300  \\$a6 pages ;$c26 cm (folio)
=336  \\$anotated music$2rdacontent
=337  \\$aunmediated$2rdamedia
=338  \\$avolume$2rdacarrier
=340  \\$mfolio$2rdabf
=852  41$aBritish Library$bMUSIC$je.174.mm.(5.)
=985  \\$aAddress on t.p.: 7, Great Marlborough Street, W.
=985  \\$aCorrected by MS generated file for WR# 1805-0738
=CAT  \\$a11696$b40$c20070920$lBLL01$h1204
=CAT  \\$a11696$b40$c20070920$lBLL01$h1205
=CAT  \\$aBATCH-UPD$b40$c20091117$lBLL01$h1558
=CAT  \\$aBATCH$b00$c20091117$lBLL01$h1624
=CAT  \\$aBATCH-UPD$b00$c20121031$lBLL01$h1325
=CAT  \\$aBATCH-UPD$b00$c20121114$lBLL01$h1702
=CAT  \\$aWR13_204$c20140208$lBLL01$h1010
=CAT  \\$aWR13_204$c20140208$lBLL01$h1034
=CAT  \\$a7988$b40$c20150602$lBLL01$h1050
=CAT  \\$aWR15_100$c20150915$lBLL01$h0346
=CAT  \\$c20151020$lBLL01$h1222
=CAT  \\$c20151020$lBLL01$h1323
=CAT  \\$a1805-0738$c20181228$lBLL01$h1814
=CAT  \\$a1805-0738$b00$c20181228$lBLL01$h1902
=CAT  \\$aW1904-0451$c20190428$lBLL01$h1307
=FMT  \\$a  MU
=LAS  \\$aW1904-0451$b00$c20190428$lBLL01$h1307
=STA  \\$bPreliminary Record

