=LDR  01645 cm a22004577a 4500
=001  013952211
=003  Uk
=005  20141003103838.0
=008  070920s1907\\\\enk\\\\\\\\\\\\\\\|\zxx\\
=028  22$aK. P. & Co. Ltd. 1726.$bKeith, Prowse & Co.
=040  \\$aUk$beng$cUk
=082  14$a780$215
=100  1\$aLeyland, Claude Fenn
=245  10$a... Three dances from "The palace of Puck"...$cComposed by Claude Fenn-Leyland.
=264  \1$aLondon :$bKeith, Prowse & Co,$cc.1907.
=300  \\$a20 pages ;$c31 cm (folio)
=336  \\$anotated music$2rdacontent
=337  \\$aunmediated$2rdamedia
=338  \\$avolume$2rdacarrier
=340  \\$mfolio$2rdabf
=852  41$aBritish Library$bMUSIC$jg.607.ii.(2.)
=985  \\$aAddress on t.p.: 159, New Bond Street, W.1.
=985  \\$aCorrected by MS generated file for WR# 1805-0738
=CAT  \\$a11696$b40$c20070920$lBLL01$h1216
=CAT  \\$a11696$b40$c20070920$lBLL01$h1217
=CAT  \\$aBATCH-UPD$b40$c20091117$lBLL01$h1558
=CAT  \\$aBATCH$b00$c20091117$lBLL01$h1624
=CAT  \\$aBATCH-UPD$b00$c20121031$lBLL01$h1325
=CAT  \\$aBATCH-UPD$b00$c20121114$lBLL01$h1702
=CAT  \\$aWR13_204$c20140208$lBLL01$h1010
=CAT  \\$aWR13_204$c20140208$lBLL01$h1034
=CAT  \\$a7988$b40$c20141003$lBLL01$h1038
=CAT  \\$aWR15_100$c20150915$lBLL01$h0346
=CAT  \\$c20151020$lBLL01$h1222
=CAT  \\$c20151020$lBLL01$h1323
=CAT  \\$a1805-0738$c20181228$lBLL01$h1814
=CAT  \\$a1805-0738$b00$c20181228$lBLL01$h1902
=CAT  \\$aW1904-0451$c20190428$lBLL01$h1307
=FMT  \\$a  MU
=LAS  \\$aW1904-0451$b00$c20190428$lBLL01$h1307
=STA  \\$bPreliminary Record

