=LDR  01744 cm a22004697a 4500
=001  013952231
=003  Uk
=005  20140611091327.0
=008  070920s1904\\\\enk\\\\\\\\\\\\\\\|\eng\\
=028  22$aS. L. & S. 382.$bStanley Lucas & Son.
=040  \\$aUk$beng$cUk
=082  14$a780$215
=100  1\$aLie, Sigurd,$d1871-1904.
=245  10$aSoft footed snow$bSung by Mme Blanche-Marchesi.$cEnglish words by Robert Sickert music by Sigurd Lie
=264  \1$aLondon :$bStanley Lucas & Son,$cc.1904.
=300  \\$a1 score (6 pages) ;$c34 cm. (folio)
=336  \\$anotated music$2rdacontent
=337  \\$aunmediated$2rdamedia
=338  \\$avolume$2rdacarrier
=340  \\$mfolio$2rdabf
=852  41$aBritish Library$bMUSIC$jH.3400.u.(9.)
=985  \\$aAddress on t.p.: 3 Wells Street, Oxford Street, London, W.
=985  \\$aCorrected by MS generated file for WR# 1805-0738
=CAT  \\$a11696$b40$c20070920$lBLL01$h1231
=CAT  \\$aBATCH-UPD$b40$c20091117$lBLL01$h1558
=CAT  \\$aBATCH$b00$c20091117$lBLL01$h1624
=CAT  \\$aBATCH-UPD$b00$c20121031$lBLL01$h1325
=CAT  \\$aBATCH-UPD$b00$c20121114$lBLL01$h1703
=CAT  \\$aWR13_204$c20140208$lBLL01$h1010
=CAT  \\$aWR13_204$c20140208$lBLL01$h1034
=CAT  \\$a7988$b40$c20140611$lBLL01$h0912
=CAT  \\$a7988$b40$c20140611$lBLL01$h0913
=CAT  \\$aWR15_100$c20150915$lBLL01$h0346
=CAT  \\$aBATCH-UPD$b00$c20150915$lBLL01$h0403
=CAT  \\$c20151020$lBLL01$h1222
=CAT  \\$c20151020$lBLL01$h1323
=CAT  \\$aBATCH-UPD$b00$c20180408$lBLL01$h2100
=CAT  \\$a1805-0738$c20181228$lBLL01$h1814
=CAT  \\$a1805-0738$b00$c20181228$lBLL01$h1902
=FMT  \\$a  MU
=LAS  \\$a1805-0738$b00$c20181228$lBLL01$h1902
=STA  \\$bPreliminary Record

