=LDR  01655 cm a22004457a 4500
=001  013952437
=003  Uk
=005  20140317094143.0
=008  070920s\\\\\\\\enk\\\\\\\\\\\\\\\|\zxx\\
=028  22$a9657.$bD'Almaine & Co.
=040  \\$aUk$beng$cUk
=082  14$a780$215
=100  1\$aLinter, Ricardo
=245  10$aHer Majesty's court polkas,$bas danced at Her Majesty's balls, almacks & the soirées du hau-ton in London, Paris, &c.$cComposed & arranged for the piano forte by Ricardo Linter.
=264  \1$aLondon :$bD'Almaine & Co,$c[s.d.]
=300  \\$a7 pages ;$c37 cm. (folio)
=336  \\$anotated music$2rdacontent
=337  \\$aunmediated$2rdamedia
=338  \\$avolume$2rdacarrier
=340  \\$mfolio$2rdabf
=852  41$aBritish Library$bMUSIC$ji.219.d.(13.)
=985  \\$aAddress on t.p.: 20, Soho Square.
=985  \\$aCorrected by MS generated file for WR# 1805-0738
=CAT  \\$a11696$b40$c20070920$lBLL01$h1454
=CAT  \\$aBATCH-UPD$b40$c20091117$lBLL01$h1558
=CAT  \\$aBATCH$b00$c20091117$lBLL01$h1624
=CAT  \\$aBATCH-UPD$b00$c20121031$lBLL01$h1325
=CAT  \\$aBATCH-UPD$b00$c20121114$lBLL01$h1703
=CAT  \\$aWR13_204$c20140208$lBLL01$h1010
=CAT  \\$aWR13_204$c20140208$lBLL01$h1034
=CAT  \\$a7988$b40$c20140317$lBLL01$h0941
=CAT  \\$aWR15_100$c20150915$lBLL01$h0346
=CAT  \\$c20151020$lBLL01$h1222
=CAT  \\$c20151020$lBLL01$h1323
=CAT  \\$a1805-0738$c20181228$lBLL01$h1814
=CAT  \\$a1805-0738$b00$c20181228$lBLL01$h1902
=CAT  \\$aW1904-0451$c20190428$lBLL01$h1307
=FMT  \\$a  MU
=LAS  \\$aW1904-0451$b00$c20190428$lBLL01$h1307
=STA  \\$bPreliminary Record

