=LDR  01744 cm a22004457a 4500
=001  013952474
=003  Uk
=005  20150604104929.0
=008  070920s\\\\\\\\enk\\\\\\\\\\\\\\\|\zxx\\
=028  22$aL. M. P. S. 9995.$bLondon Music Publishing Stores.
=040  \\$aUk$beng$cUk
=082  14$a780$215
=100  1\$aMarchant, Arthur W.$q(Arthur William),$d1850-1921.
=245  10$a"L. M. P. S." voluntaries for the organ, harmonium or American organ Book 9.$bFourteen organ pieces by Samuel Wesley and Samuel Sebastian Wesley.$cSelected and arranged by Arthur W. Marchant.
=260  \\$aLondon :$bLondon Music Publishing Stores,$c[s.d.]
=300  \\$a24 p. ;$c28 cm.
=336  \\$anotated music$2rdacontent
=337  \\$aunmediated$2rdamedia
=338  \\$avolume$2rdacarrier
=700  1\$aWesley, Samuel,$d1766-1837.
=700  1\$aWesley, Samuel Sebastian,$d1810-1876.
=852  41$aBritish Library$bMUSIC$jf.782.pp.(2.)
=985  \\$aAddress on t.p.: 17A, London St, E.C.
=CAT  \\$a11696$b40$c20070920$lBLL01$h1530
=CAT  \\$a11696$b40$c20070920$lBLL01$h1533
=CAT  \\$aBATCH-UPD$b40$c20091117$lBLL01$h1558
=CAT  \\$aBATCH$b00$c20091117$lBLL01$h1624
=CAT  \\$aBATCH-UPD$b00$c20121031$lBLL01$h1325
=CAT  \\$aBATCH-UPD$b00$c20121114$lBLL01$h1703
=CAT  \\$aWR13_204$c20140208$lBLL01$h1010
=CAT  \\$aWR13_204$c20140208$lBLL01$h1034
=CAT  \\$a7988$b40$c20150604$lBLL01$h1049
=CAT  \\$aWR15_100$c20150915$lBLL01$h0346
=CAT  \\$c20151020$lBLL01$h1222
=CAT  \\$c20151020$lBLL01$h1323
=CAT  \\$aBATCH-UPD$b00$c20190427$lBLL01$h1728
=CAT  \\$aW1904-0451$c20190428$lBLL01$h1307
=FMT  \\$a  MU
=LAS  \\$aW1904-0451$b00$c20190428$lBLL01$h1307
=STA  \\$bPreliminary Record

