=LDR  01249 cm a22003617a 4500
=001  013952503
=003  Uk
=005  20150513094739.0
=008  070920s\\\\\\\\\\\\\\\\\\\\\\\\\\|\eng\\
=040  \\$aUk$beng$cUk
=082  14$a780$215
=100  1\$aMarks, James Christopher
=245  10$a... Magnificat and nunc dimittis.$bSet to music in the key of B flat.$cBy J. Christopher Marks, Junr.
=260  \\$aCork :$bthe composer,$c[s.d.]
=300  \\$a1 score (15 p.) ;$c27 cm.
=336  \\$anotated music$2rdacontent
=337  \\$aunmediated$2rdamedia
=338  \\$avolume$2rdacarrier
=852  41$aBritish Library$bMUSIC$jF.1888.tt.(3.)
=985  \\$aAddress on t.p.: 45, Lower Road, Cork;
=CAT  \\$a11696$b40$c20070920$lBLL01$h1550
=CAT  \\$aBATCH-UPD$b40$c20091117$lBLL01$h1558
=CAT  \\$aBATCH$b00$c20091117$lBLL01$h1624
=CAT  \\$aBATCH-UPD$b00$c20121031$lBLL01$h1325
=CAT  \\$aBATCH-UPD$b00$c20121114$lBLL01$h1703
=CAT  \\$aWR13_204$c20140208$lBLL01$h1010
=CAT  \\$aWR13_204$c20140208$lBLL01$h1034
=CAT  \\$a7988$b40$c20150513$lBLL01$h0947
=CAT  \\$aWR15_100$c20150915$lBLL01$h0346
=CAT  \\$c20151020$lBLL01$h1323
=FMT  \\$a  MU
=LAS  \\$c20151020$lBLL01$h1323
=STA  \\$bPreliminary Record

