=LDR  01585 cm a22004337a 4500
=001  013952533
=003  Uk
=005  20141002113322.0
=008  070920s\\\\\\\\\\\\\\\\\\\\\\\\\\|\zxx\\
=028  22$a2.$bMarr & Co.
=040  \\$aUk$beng$cUk
=082  14$a780$215
=245  10$aMarr & Co's royal collection of Highland airs$bquicksteps, strathspeys, reels & country dances esily & effectively arranged for the pianoforte.
=264  \1$aInverness :$bMarr & Co,$c[s.d.]
=300  \\$a60 pages ;$c31 cm. (folio)
=336  \\$anotated music$2rdacontent
=337  \\$aunmediated$2rdamedia
=338  \\$avolume$2rdacarrier
=340  \\$mfolio$2rdabf
=852  41$aBritish Library$bMUSIC$jg.607.ff.(9.)
=985  \\$aAddress on t.p.: 23 Church St.
=985  \\$aCorrected by MS generated file for WR# 1805-0738
=CAT  \\$a11696$b40$c20070920$lBLL01$h1607
=CAT  \\$aBATCH-UPD$b40$c20091117$lBLL01$h1558
=CAT  \\$aBATCH$b00$c20091117$lBLL01$h1624
=CAT  \\$aBATCH-UPD$b00$c20121031$lBLL01$h1325
=CAT  \\$aBATCH-UPD$b00$c20121114$lBLL01$h1703
=CAT  \\$aWR13_204$c20140208$lBLL01$h1010
=CAT  \\$aWR13_204$c20140208$lBLL01$h1034
=CAT  \\$a3583$b40$c20140930$lBLL01$h1655
=CAT  \\$a7988$b40$c20141002$lBLL01$h1133
=CAT  \\$aWR15_100$c20150915$lBLL01$h0346
=CAT  \\$c20151020$lBLL01$h1323
=CAT  \\$a1805-0738$c20181228$lBLL01$h1814
=CAT  \\$a1805-0738$b00$c20181228$lBLL01$h1902
=CAT  \\$aW1904-0451$c20190428$lBLL01$h1307
=FMT  \\$a  MU
=LAS  \\$aW1904-0451$b00$c20190428$lBLL01$h1307
=STA  \\$bPreliminary Record

