=LDR  01315 cm a22003737a 4500
=001  014014905
=003  Uk
=005  20150513105820.0
=008  070925s1965\\\\\\\\\\\\\\\\\\\\\\|\eng\\
=028  22$aH. U. 1958.$bHarmonia-Uitgave.
=040  \\$aUk$beng$cUk
=082  14$a780$215
=100  1\$aMartini, Giovanni Battista,$d1706-1784.
=245  10$aLaudate pueri$bnaar het handschrift uit Berliner Staatsbibliotekk iutgeven door Piet Kiel Jr.$cGiovanni Battista Martini
=260  \\$aHilversum :$bHarmonia-Uitgave,$cc.1965
=300  \\$a1 score (8 p.) ;$c29 cm.
=336  \\$anotated music$2rdacontent
=337  \\$aunmediated$2rdamedia
=338  \\$avolume$2rdacarrier
=852  41$aBritish Library$bMUSIC$jF.1147.r.(4.)
=985  \\$aAddress on t.p.:
=CAT  \\$a11696$b40$c20070925$lBLL01$h1116
=CAT  \\$aBATCH-UPD$b40$c20091117$lBLL01$h1558
=CAT  \\$aBATCH$b00$c20091117$lBLL01$h1624
=CAT  \\$aBATCH-UPD$b00$c20121031$lBLL01$h1325
=CAT  \\$aBATCH-UPD$b00$c20121114$lBLL01$h1703
=CAT  \\$aWR13_204$c20140208$lBLL01$h1010
=CAT  \\$aWR13_204$c20140208$lBLL01$h1034
=CAT  \\$a7988$b40$c20150513$lBLL01$h1058
=CAT  \\$aWR15_100$c20150915$lBLL01$h0346
=CAT  \\$c20151020$lBLL01$h1323
=FMT  \\$a  MU
=LAS  \\$c20151020$lBLL01$h1323
=STA  \\$bPreliminary Record

