=LDR  01689 cm a22004697a 4500
=001  014014997
=003  Uk
=005  20141003104504.0
=008  070925s1865\\\\enk\\\\\\\\\\\\\\\|\zxx\\
=040  \\$aUk$beng$cUk
=082  14$a780$215
=100  1\$aMarx, Henri
=245  18$a... The tempting quadrille,$bcomposed expressly for the Englishwoman's Domestic Magazine,$cby Henri Marx.
=264  \1$aLondon :$bS. O. Beeton,$c1865.
=300  \\$a4 pages ;$c32 cm. (folio)
=336  \\$anotated music$2rdacontent
=337  \\$aunmediated$2rdamedia
=338  \\$avolume$2rdacarrier
=340  \\$mfolio$2rdabf
=852  41$aBritish Library$bMUSIC$jg.607.ii.(12.)
=985  \\$aCorrected by BSS-generated file
=985  \\$aAddress on t.p.: 248, Strand, W. C.
=985  \\$aCorrected by MS generated file for WR# 1805-0738
=CAT  \\$a11696$b40$c20070925$lBLL01$h1206
=CAT  \\$aBLSS-CORR$b00$c20080705$lBLL01$h2159
=CAT  \\$aBLSS-CORR9$c20090508$lBLL01$h1638
=CAT  \\$aBATCH-UPD$b00$c20091117$lBLL01$h1558
=CAT  \\$aBATCH$b00$c20091117$lBLL01$h1624
=CAT  \\$aBATCH-UPD$b00$c20121031$lBLL01$h1325
=CAT  \\$aBATCH-UPD$b00$c20121114$lBLL01$h1703
=CAT  \\$aWR13_204$c20140208$lBLL01$h1010
=CAT  \\$aWR13_204$c20140208$lBLL01$h1034
=CAT  \\$a7988$b40$c20141003$lBLL01$h1045
=CAT  \\$aWR15_100$c20150915$lBLL01$h0346
=CAT  \\$c20151020$lBLL01$h1222
=CAT  \\$c20151020$lBLL01$h1323
=CAT  \\$a1805-0738$c20181228$lBLL01$h1814
=CAT  \\$a1805-0738$b00$c20181228$lBLL01$h1902
=CAT  \\$aW1904-0451$c20190428$lBLL01$h1307
=FMT  \\$a  MU
=LAS  \\$aW1904-0451$b00$c20190428$lBLL01$h1307
=STA  \\$bPreliminary Record

