=LDR  01517 cm a22004217a 4500
=001  014015011
=003  Uk
=005  20150514091938.0
=008  070925s\\\\\\\\enk\\\\\\\\\\\\\\\|\eng\\
=040  \\$aUk$beng$cUk
=082  14$a780$215
=100  1\$aMarzials, Theophilus,$d1850-1920.
=245  10$a... May Margaret,$bsong sung by Miss Mary Davies$cthe words and music by Theo: Marzials. No. 2 in F.
=264  \1$aLondon :$bBoosey & Co,$c[s.d.]
=300  \\$a1 score (5 pages) ;$c29 cm. (folio)
=336  \\$anotated music$2rdacontent
=337  \\$aunmediated$2rdamedia
=338  \\$avolume$2rdacarrier
=340  \\$mfolio$2rdabf
=852  41$aBritish Library$bMUSIC$jF.1876.t.(3.)
=985  \\$aAddress on t.p.: 295, Regent Street. W.
=985  \\$aCorrected by MS generated file for WR# 1805-0738
=CAT  \\$a11696$b40$c20070925$lBLL01$h1213
=CAT  \\$aBATCH-UPD$b40$c20091117$lBLL01$h1558
=CAT  \\$aBATCH$b00$c20091117$lBLL01$h1624
=CAT  \\$aBATCH-UPD$b00$c20121031$lBLL01$h1325
=CAT  \\$aBATCH-UPD$b00$c20121114$lBLL01$h1703
=CAT  \\$aWR13_204$c20140208$lBLL01$h1010
=CAT  \\$aWR13_204$c20140208$lBLL01$h1034
=CAT  \\$a7988$b40$c20150514$lBLL01$h0919
=CAT  \\$aWR15_100$c20150915$lBLL01$h0346
=CAT  \\$c20151020$lBLL01$h1222
=CAT  \\$c20151020$lBLL01$h1323
=CAT  \\$a1805-0738$c20181228$lBLL01$h1814
=CAT  \\$a1805-0738$b00$c20181228$lBLL01$h1902
=FMT  \\$a  MU
=LAS  \\$a1805-0738$b00$c20181228$lBLL01$h1902
=STA  \\$bPreliminary Record

