=LDR  01568 cm a22004457a 4500
=001  014015149
=003  Uk
=005  20140317094434.0
=008  070925s1900\\\\enk\\\\\\\\\\\\\\\|\zxx\\
=028  22$aP. & W. 2343.$bPatey & Willis.
=040  \\$aUk$beng$cUk
=082  14$a780$215
=100  1\$aMay, Brenda
=245  14$aThe spirit of mirth$bSchottische or barn dance$ccomposed by Brenda May.
=264  \1$aLondon :$bPatey & Willis,$cc.1900.
=300  \\$a7 pages ;$c36 cm. (folio)
=336  \\$anotated music$2rdacontent
=337  \\$aunmediated$2rdamedia
=338  \\$avolume$2rdacarrier
=340  \\$mfolio$2rdabf
=852  41$aBritish Library$bMUSIC$ji.219.d.(10.)
=985  \\$aAddress on t.p.: 44, Great Marlborough Street. W.
=985  \\$aCorrected by MS generated file for WR# 1805-0738
=CAT  \\$a11696$b40$c20070925$lBLL01$h1411
=CAT  \\$aBATCH-UPD$b40$c20091117$lBLL01$h1558
=CAT  \\$aBATCH$b00$c20091117$lBLL01$h1624
=CAT  \\$aBATCH-UPD$b00$c20121031$lBLL01$h1325
=CAT  \\$aBATCH-UPD$b00$c20121114$lBLL01$h1703
=CAT  \\$aWR13_204$c20140208$lBLL01$h1010
=CAT  \\$aWR13_204$c20140208$lBLL01$h1034
=CAT  \\$a7988$b40$c20140317$lBLL01$h0944
=CAT  \\$aWR15_100$c20150915$lBLL01$h0346
=CAT  \\$c20151020$lBLL01$h1222
=CAT  \\$c20151020$lBLL01$h1323
=CAT  \\$a1805-0738$c20181228$lBLL01$h1814
=CAT  \\$a1805-0738$b00$c20181228$lBLL01$h1902
=CAT  \\$aW1904-0451$c20190428$lBLL01$h1307
=FMT  \\$a  MU
=LAS  \\$aW1904-0451$b00$c20190428$lBLL01$h1307
=STA  \\$bPreliminary Record

