=LDR  01253 cm a22003737a 4500
=001  014017172
=003  Uk
=005  20150706104631.0
=008  070926s\\\\\\\\enk\\\\\\\\\\\\\\\|\eng\\
=040  \\$aUk$beng$cUk
=082  14$a780$215
=100  1\$aMacMeikan, John A.
=245  10$aCarol - "All night long bright angels sing".$cBy John A. MacMeikan
=260  \\$aLondon :$bthe author,$c[s.d.]
=300  \\$a1 score (2 p.) ;$c22 cm.
=336  \\$anotated music$2rdacontent
=337  \\$aunmediated$2rdamedia
=338  \\$avolume$2rdacarrier
=852  41$aBritish Library$bMUSIC$jC.800.t.(11.)
=985  \\$aAddress on t.p.: 2 Short St, Finsbury Pavement.
=CAT  \\$a11696$b40$c20070926$lBLL01$h1150
=CAT  \\$aBATCH-UPD$b40$c20091117$lBLL01$h1558
=CAT  \\$aBATCH$b00$c20091117$lBLL01$h1624
=CAT  \\$aBATCH-UPD$b00$c20121031$lBLL01$h1325
=CAT  \\$aBATCH-UPD$b00$c20121114$lBLL01$h1703
=CAT  \\$aWR13_204$c20140208$lBLL01$h1010
=CAT  \\$aWR13_204$c20140208$lBLL01$h1034
=CAT  \\$a7988$b40$c20150706$lBLL01$h1046
=CAT  \\$aWR15_100$c20150915$lBLL01$h0346
=CAT  \\$c20151020$lBLL01$h1222
=CAT  \\$c20151020$lBLL01$h1323
=FMT  \\$a  MU
=LAS  \\$c20151020$lBLL01$h1323
=STA  \\$bPreliminary Record

