=LDR  01661 cm a22004817a 4500
=001  014017283
=003  Uk
=005  20150602104729.0
=008  070926s1901\\\\enk\\\\\\\\\\\\\\\|\zxx\\
=028  22$a57208.$bW. Paxton & Co.
=040  \\$aUk$beng$cUk
=082  14$a780$215
=100  1\$aMeale, J. A.$q(John Arthur),$d1880-
=245  10$aCantilene.$cJ. A. Meale. Op. 25.
=260  \\$aLondon :$bW. Paxton & Co.,$cc.1901
=300  \\$a4 p. ;$c25 cm.
=336  \\$anotated music$2rdacontent
=337  \\$aunmediated$2rdamedia
=338  \\$avolume$2rdacarrier
=490  1\$aPaxton's organ library.
=830  \0$aPaxton's organ library.
=852  41$aBritish Library$bMUSIC$je.174.mm.(2.)
=985  \\$aAddress on t.p.: 95, New Oxford Street, W.C.1.
=985  \\$aRecord amended for WR# 13/070
=CAT  \\$a11696$b40$c20070926$lBLL01$h1250
=CAT  \\$aBATCH-UPD$b40$c20091117$lBLL01$h1558
=CAT  \\$aBATCH$b00$c20091117$lBLL01$h1624
=CAT  \\$aBATCH$b00$c20091217$lBLL01$h0508
=CAT  \\$aBATCH$b00$c20100103$lBLL01$h1300
=CAT  \\$aBATCH-UPD$b00$c20121031$lBLL01$h1325
=CAT  \\$aBATCH-UPD$b00$c20121114$lBLL01$h1703
=CAT  \\$aWR13_070$b00$c20130504$lBLL01$h0256
=CAT  \\$aWR13_070C$c20130611$lBLL01$h1854
=CAT  \\$aWR13_204$c20140208$lBLL01$h1010
=CAT  \\$aWR13_204$c20140208$lBLL01$h1034
=CAT  \\$a7988$b40$c20150602$lBLL01$h1047
=CAT  \\$aWR15_100$c20150915$lBLL01$h0346
=CAT  \\$c20151020$lBLL01$h1222
=CAT  \\$c20151020$lBLL01$h1323
=CAT  \\$aW1904-0451$c20190428$lBLL01$h1307
=FMT  \\$a  MU
=LAS  \\$aW1904-0451$b00$c20190428$lBLL01$h1307
=STA  \\$bPreliminary Record

