=LDR  02305 cm a22005057a 4500
=001  014017573
=003  Uk
=005  20150513112121.0
=008  070926s\\\\\\\\enk\\\\\\\\\\\\\\\|\eng\\
=028  22$aS. L. W. & Co. 2245.$bStanley Lucas, Weber & Co.
=040  \\$aUk$beng$cUk
=082  14$a780$215
=100  1\$aMiddlemore, Mrs. S. G. C.
=245  10$aSongs of the Pyrenees$bwith Spanish French & English words ...$cwith accompaniments by Mrs. S. G. C. Middlemore and translations by W. P. Blake & Miss Constance Bache.
=264  \1$aLondon :$bStanley Lucas, Weber & Co,$c[s.d.]
=300  \\$a1 score (39 pages) ;$c28 cm. (folio)
=336  \\$anotated music$2rdacontent
=337  \\$aunmediated$2rdamedia
=338  \\$avolume$2rdacarrier
=340  \\$mfolio$2rdabf
=505  0\$a1. "Bolero." -- 2. "Fandango." -- 3. "Don Fernando." -- 4. "La mantilla blanca." -- 5. "Spinning wheel song No. 1." -- 6. "Spinning wheel song No. 2." -- 7. "Spinning wheel song No. 3." -- 8. "La mano muerta." -- 9. "Spanish gipsy dance." -- 10. "Viva el rey." -- 11. "La flor de oblón." -- 12. "Cancion de amor." -- 13. "Lejos de ti." -- 14. "Alza alza." -- 15. "Viva la libertad."
=700  1\$aBlake, William Payne,$d1846-1922.
=700  1\$aBache, Constance,$d1846-1903.
=852  41$aBritish Library$bMUSIC$jF.1876.s.(6.)
=985  \\$aAddress on t.p.: 84 New Bond Street.
=985  \\$aCorrected by MS generated file for WR# 1805-0738
=CAT  \\$a12754$b40$c20070926$lBLL01$h1509
=CAT  \\$a12754$b40$c20070926$lBLL01$h1511
=CAT  \\$aBATCH-UPD$b40$c20070926$lBLL01$h1511
=CAT  \\$aBATCH-UPD$b40$c20091117$lBLL01$h1558
=CAT  \\$aBATCH$b00$c20091117$lBLL01$h1624
=CAT  \\$aBATCH-UPD$b00$c20121031$lBLL01$h1325
=CAT  \\$aBATCH-UPD$b00$c20121114$lBLL01$h1703
=CAT  \\$aWR13_204$c20140208$lBLL01$h1010
=CAT  \\$aWR13_204$c20140208$lBLL01$h1034
=CAT  \\$aBATCH-UPD$b00$c20150513$lBLL01$h1111
=CAT  \\$a7988$b40$c20150513$lBLL01$h1121
=CAT  \\$aWR15_100$c20150915$lBLL01$h0346
=CAT  \\$c20151020$lBLL01$h1222
=CAT  \\$c20151020$lBLL01$h1323
=CAT  \\$a1805-0738$c20181228$lBLL01$h1814
=CAT  \\$a1805-0738$b00$c20181228$lBLL01$h1902
=FMT  \\$a  MU
=LAS  \\$a1805-0738$b00$c20181228$lBLL01$h1902
=STA  \\$bPreliminary Record

