=LDR  01260 cm a22003617a 4500
=001  014054014
=003  Uk
=005  20150706110327.0
=008  071004s\\\\\\\\\\\\\\\\\\\\\\\\\\|\eng\\
=040  \\$aUk$beng$cUk
=082  14$a780$215
=100  1\$aMusgrave, J.T.
=245  10$a"Come ye lofty."$bChristmas carol:$cwords by The Rev. D. Gurney. Music by J. T. Musgrave, (Organist of St. Matthew's, West Kensington Park, W.)
=260  \\$aKidderminster :$bT. Mark,$c[s.d.]
=300  \\$a1 score (2 p.) ;$c23 cm.
=336  \\$anotated music$2rdacontent
=337  \\$aunmediated$2rdamedia
=338  \\$avolume$2rdacarrier
=852  41$aBritish Library$bMUSIC$jD.856.l.(8.)
=985  \\$aAddress on t.p.:
=CAT  \\$a11696$b40$c20071004$lBLL01$h1513
=CAT  \\$aBATCH-UPD$b40$c20091117$lBLL01$h1558
=CAT  \\$aBATCH$b00$c20091117$lBLL01$h1624
=CAT  \\$aBATCH-UPD$b00$c20121031$lBLL01$h1325
=CAT  \\$aBATCH-UPD$b00$c20121114$lBLL01$h1703
=CAT  \\$aWR13_204$c20140208$lBLL01$h1011
=CAT  \\$aWR13_204$c20140208$lBLL01$h1034
=CAT  \\$a7988$b40$c20150706$lBLL01$h1103
=CAT  \\$aWR15_100$c20150915$lBLL01$h0346
=CAT  \\$c20151020$lBLL01$h1323
=FMT  \\$a  MU
=LAS  \\$c20151020$lBLL01$h1323
=STA  \\$bPreliminary Record

