=LDR  01633 cm a22004577a 4500
=001  014054229
=003  Uk
=005  20140611091552.0
=008  071005s1882\\\\\\\\\\\\\\\\\\\\\\|\eng\\
=028  22$a651--4$bSpear & Dehnhoff.
=040  \\$aUk$beng$cUk
=082  14$a780$215
=100  1\$aMillard, H.$q(Harrison),$d1830-1895.
=245  10$aAmong the daisies,$bfor contralto$cwords by Lilian Price, music by Harrison Millard.
=264  \1$aNew York :$bSpear & Dehnhoff,$cc1882.
=300  \\$a1 score (5 pages) ;$c32 cm. (folio)
=336  \\$anotated music$2rdacontent
=337  \\$aunmediated$2rdamedia
=338  \\$avolume$2rdacarrier
=340  \\$mfolio$2rdabf
=700  1\$aPrice, Lilian.
=852  41$aBritish Library$bMUSIC$jH.3400.u.(7.)
=985  \\$aAddress on t.p.: 717 Broadway
=985  \\$aCorrected by MS generated file for WR# 1805-0738
=CAT  \\$a12754$b40$c20071005$lBLL01$h0948
=CAT  \\$a12754$b40$c20071005$lBLL01$h0949
=CAT  \\$aBATCH-UPD$b40$c20091117$lBLL01$h1558
=CAT  \\$aBATCH$b00$c20091117$lBLL01$h1624
=CAT  \\$aBATCH-UPD$b00$c20121031$lBLL01$h1325
=CAT  \\$aBATCH-UPD$b00$c20121114$lBLL01$h1703
=CAT  \\$aWR13_204$c20140208$lBLL01$h1011
=CAT  \\$aWR13_204$c20140208$lBLL01$h1034
=CAT  \\$a7988$b40$c20140611$lBLL01$h0915
=CAT  \\$aWR15_100$c20150915$lBLL01$h0346
=CAT  \\$c20151020$lBLL01$h1323
=CAT  \\$a5100$b40$c20181204$lBLL01$h0915
=CAT  \\$a1805-0738$c20190121$lBLL01$h1741
=CAT  \\$a1805-0738$b00$c20190121$lBLL01$h1744
=FMT  \\$a  MU
=LAS  \\$a1805-0738$b00$c20190121$lBLL01$h1744
=STA  \\$bPreliminary Record

