=LDR  01468 cm a22004217a 4500
=001  014054293
=003  Uk
=005  20150706105030.0
=008  071005s\\\\\\\\enk\\\\\\\\\\\\\\\|\eng\\
=040  \\$aUk$beng$cUk
=082  14$a780$215
=100  1\$aMiller, C. E.
=245  10$aI sing the birth$ba christmas carol$cwords by Ben Jonson music by C. E. Miller.
=264  \1$aLondon :$bNovello, Ewer & Co,$c[s.d.]
=300  \\$a1 score (3 pages) ;$c20 cm. (folio)
=336  \\$anotated music$2rdacontent
=337  \\$aunmediated$2rdamedia
=338  \\$avolume$2rdacarrier
=340  \\$mfolio$2rdabf
=700  1\$aJonson, Ben,$d1573?-1637.
=852  41$aBritish Library$bMUSIC$jC.800.t.(6.)
=985  \\$aCorrected by MS generated file for WR# 1805-0738
=CAT  \\$a12754$b40$c20071005$lBLL01$h1046
=CAT  \\$aBATCH-UPD$b40$c20091117$lBLL01$h1558
=CAT  \\$aBATCH$b00$c20091117$lBLL01$h1624
=CAT  \\$aBATCH-UPD$b00$c20121031$lBLL01$h1325
=CAT  \\$aBATCH-UPD$b00$c20121114$lBLL01$h1703
=CAT  \\$aWR13_204$c20140208$lBLL01$h1011
=CAT  \\$aWR13_204$c20140208$lBLL01$h1034
=CAT  \\$a7988$b40$c20150706$lBLL01$h1050
=CAT  \\$aWR15_100$c20150915$lBLL01$h0346
=CAT  \\$c20151020$lBLL01$h1222
=CAT  \\$c20151020$lBLL01$h1323
=CAT  \\$a1805-0738$c20181228$lBLL01$h1814
=CAT  \\$a1805-0738$b00$c20181228$lBLL01$h1902
=FMT  \\$a  MU
=LAS  \\$a1805-0738$b00$c20181228$lBLL01$h1902
=STA  \\$bPreliminary Record

