=LDR  01561 cm a22004577a 4500
=001  014054426
=003  Uk
=005  20150512105044.0
=008  071005s\\\\\\\\enk\\\\\\\\\\\\\\\|\eng\\
=028  22$a1191$bCary & Co.
=028  32$a64.$bCary & Co.
=040  \\$aUk$beng$cUk
=082  14$a780$215
=100  1\$aMiller, C. E.
=245  10$aDa pacem domine,$cC. E. Miller.
=264  \1$aLondon :$bCary & Co,$c[s.d.]
=300  \\$a1 score (7 pages) ;$c26 cm. (folio)
=336  \\$anotated music$2rdacontent
=337  \\$aunmediated$2rdamedia
=338  \\$avolume$2rdacarrier
=340  \\$mfolio$2rdabf
=490  0\$aMotets ancient & modern.
=852  41$aBritish Library$bMUSIC$jF.1329.mm. (12.)
=985  \\$aAddress on t.p.: Oxford Circus Avenue, 231 Oxford Street, London.
=985  \\$aCorrected by MS generated file for WR# 1805-0738
=CAT  \\$a12754$b40$c20071005$lBLL01$h1150
=CAT  \\$aBATCH-UPD$b40$c20091117$lBLL01$h1558
=CAT  \\$aBATCH$b00$c20091117$lBLL01$h1624
=CAT  \\$aBATCH-UPD$b00$c20121031$lBLL01$h1325
=CAT  \\$aBATCH-UPD$b00$c20121114$lBLL01$h1703
=CAT  \\$aWR13_204$c20140208$lBLL01$h1011
=CAT  \\$aWR13_204$c20140208$lBLL01$h1034
=CAT  \\$a7988$b40$c20150512$lBLL01$h1050
=CAT  \\$aWR15_100$c20150915$lBLL01$h0346
=CAT  \\$c20151020$lBLL01$h1222
=CAT  \\$c20151020$lBLL01$h1323
=CAT  \\$a1805-0738$c20181228$lBLL01$h1814
=CAT  \\$a1805-0738$b00$c20181228$lBLL01$h1902
=FMT  \\$a  MU
=LAS  \\$a1805-0738$b00$c20181228$lBLL01$h1902
=STA  \\$bPreliminary Record

