=LDR  01395 cm a22004097a 4500
=001  014054490
=003  Uk
=005  20140611085603.0
=008  071005s1896\\\\\\\\\\\\\\\\\\\\\\|\eng\\
=040  \\$aUk$beng$cUk
=082  14$a780$215
=100  1\$aMiller, Harry S.
=245  10$aDown in Hogan's alley
=264  \1$aNew York :$bHenry J. Wehman,$cc1896.
=300  \\$a1 score (5 pages) ;$c36 cm. (folio)
=336  \\$anotated music$2rdacontent
=337  \\$aunmediated$2rdamedia
=338  \\$avolume$2rdacarrier
=340  \\$mfolio$2rdabf
=852  41$aBritish Library$bMUSIC$jI.530.t.(9.)
=985  \\$aAddress on t.p.: 130 & 132 Park Row, New York.
=985  \\$aCorrected by MS generated file for WR# 1805-0738
=CAT  \\$a12754$b40$c20071005$lBLL01$h1226
=CAT  \\$aBATCH-UPD$b40$c20091117$lBLL01$h1558
=CAT  \\$aBATCH$b00$c20091117$lBLL01$h1624
=CAT  \\$aBATCH-UPD$b00$c20121031$lBLL01$h1325
=CAT  \\$aBATCH-UPD$b00$c20121114$lBLL01$h1703
=CAT  \\$aWR13_204$c20140208$lBLL01$h1011
=CAT  \\$aWR13_204$c20140208$lBLL01$h1034
=CAT  \\$a7988$b40$c20140611$lBLL01$h0856
=CAT  \\$aWR15_100$c20150915$lBLL01$h0346
=CAT  \\$c20151020$lBLL01$h1323
=CAT  \\$a1805-0738$c20181228$lBLL01$h1814
=CAT  \\$a1805-0738$b00$c20181228$lBLL01$h1902
=FMT  \\$a  MU
=LAS  \\$a1805-0738$b00$c20181228$lBLL01$h1902
=STA  \\$bPreliminary Record

