=LDR  01584 cm a22004457a 4500
=001  014054505
=003  Uk
=005  20140611090401.0
=008  071005s\\\\\\\\enk\\\\\\\\\\\\\\\|\eng\\
=028  22$aT. B. No. 943.$bT. Broome.
=040  \\$aUk$beng$cUk
=082  14$a780$215
=100  1\$aMiller, Henry.
=245  10$aI love to think of the days when I was young$bthe popular comic song,$cnewly arranged by Henry Miller.
=264  \1$aLondon :$bT. Broome,$c[s.d.]
=300  \\$a1 score (3 pages) ;$c37 cm. (folio)
=336  \\$anotated music$2rdacontent
=337  \\$aunmediated$2rdamedia
=338  \\$avolume$2rdacarrier
=340  \\$mfolio$2rdabf
=852  41$aBritish Library$bMUSIC$jI.530.t.(14.)
=985  \\$aAddress on t.p.: 15 Holborn Bars.
=985  \\$aCorrected by MS generated file for WR# 1805-0738
=CAT  \\$a12754$b40$c20071005$lBLL01$h1245
=CAT  \\$a12754$b40$c20071005$lBLL01$h1246
=CAT  \\$aBATCH-UPD$b40$c20091117$lBLL01$h1558
=CAT  \\$aBATCH$b00$c20091117$lBLL01$h1624
=CAT  \\$aBATCH-UPD$b00$c20121031$lBLL01$h1325
=CAT  \\$aBATCH-UPD$b00$c20121114$lBLL01$h1703
=CAT  \\$aWR13_204$c20140208$lBLL01$h1011
=CAT  \\$aWR13_204$c20140208$lBLL01$h1034
=CAT  \\$a7988$b40$c20140611$lBLL01$h0904
=CAT  \\$aWR15_100$c20150915$lBLL01$h0346
=CAT  \\$c20151020$lBLL01$h1222
=CAT  \\$c20151020$lBLL01$h1323
=CAT  \\$a1805-0738$c20181228$lBLL01$h1814
=CAT  \\$a1805-0738$b00$c20181228$lBLL01$h1902
=FMT  \\$a  MU
=LAS  \\$a1805-0738$b00$c20181228$lBLL01$h1902
=STA  \\$bPreliminary Record

