=LDR  01496 cm a22004337a 4500
=001  014055254
=003  Uk
=005  20140307094404.0
=008  071008s\\\\\\\\enk\\\\\\\\\\\\\\\|\zxx\\
=040  \\$aUk$beng$cUk
=082  14$a780$215
=100  1\$aMinasi, Carlo.
=245  10$aEver of thee, polka$ccomposed and arranged by Carlo Minasi.
=264  \1$aLondon :$bJohn Alvey Turner,$c[s.d.]
=300  \\$a5 pages ;$c35 cm. (folio)
=336  \\$anotated music$2rdacontent
=337  \\$aunmediated$2rdamedia
=338  \\$avolume$2rdacarrier
=340  \\$mfolio$2rdabf
=852  41$aBritish Library$bMUSIC$ji.233.zz.(25.)
=985  \\$aAddress on t.p.: 19 Cornhill.
=985  \\$aCorrected by MS generated file for WR# 1805-0738
=CAT  \\$a12754$b40$c20071008$lBLL01$h0914
=CAT  \\$aBATCH-UPD$b40$c20091117$lBLL01$h1558
=CAT  \\$aBATCH$b00$c20091117$lBLL01$h1624
=CAT  \\$aBATCH-UPD$b00$c20121031$lBLL01$h1325
=CAT  \\$aBATCH-UPD$b00$c20121114$lBLL01$h1703
=CAT  \\$a12274$b40$c20140210$lBLL01$h1139
=CAT  \\$a7988$b40$c20140307$lBLL01$h0943
=CAT  \\$a7988$b40$c20140307$lBLL01$h0944
=CAT  \\$aWR15_100$c20150915$lBLL01$h0346
=CAT  \\$c20151020$lBLL01$h1222
=CAT  \\$c20151020$lBLL01$h1323
=CAT  \\$a1805-0738$c20181228$lBLL01$h1814
=CAT  \\$a1805-0738$b00$c20181228$lBLL01$h1902
=CAT  \\$aW1904-0451$c20190428$lBLL01$h1307
=FMT  \\$a  MU
=LAS  \\$aW1904-0451$b00$c20190428$lBLL01$h1307
=STA  \\$bPreliminary Record

