=LDR  01682 cm a22004577a 4500
=001  014055312
=003  Uk
=005  20140307093848.0
=008  071008s\\\\\\\\enk\\\\\\\\\\\\\\\|\zxx\\
=040  \\$aUk$beng$cUk
=082  14$a780$215
=100  1\$aMiné, François.
=245  14$aLes charmes d'Italie.$bSix morceaux elegants pour le piano forte, dévisés en six livraisons.$cComposés ... par François Miné.
=264  \1$aLondon :$bD'Almaine & Co,$c[s.d.]
=300  \\$a5 pages ;$c35 cm. (folio)
=336  \\$anotated music$2rdacontent
=337  \\$aunmediated$2rdamedia
=338  \\$avolume$2rdacarrier
=340  \\$mfolio$2rdabf
=505  0\$aNo. 4. Marche de torquato tasso / Donizetti.
=700  1\$aDonizetti, Gaetano,$d1797-1848.
=852  41$aBritish Library$bMUSIC$ji.233.zz.(20.)
=985  \\$aAddress on t.p.: Soho Square.
=985  \\$aCorrected by MS generated file for WR# 1805-0738
=CAT  \\$a12754$b40$c20071008$lBLL01$h1021
=CAT  \\$aBATCH-UPD$b40$c20091117$lBLL01$h1558
=CAT  \\$aBATCH$b00$c20091117$lBLL01$h1624
=CAT  \\$aBATCH-UPD$b00$c20121031$lBLL01$h1325
=CAT  \\$aBATCH-UPD$b00$c20121114$lBLL01$h1703
=CAT  \\$aWR13_204$c20140208$lBLL01$h1011
=CAT  \\$aWR13_204$c20140208$lBLL01$h1034
=CAT  \\$a7988$b40$c20140307$lBLL01$h0938
=CAT  \\$aWR15_100$c20150915$lBLL01$h0346
=CAT  \\$c20151020$lBLL01$h1222
=CAT  \\$c20151020$lBLL01$h1323
=CAT  \\$a1805-0738$c20181228$lBLL01$h1814
=CAT  \\$a1805-0738$b00$c20181228$lBLL01$h1902
=CAT  \\$aW1904-0451$c20190428$lBLL01$h1307
=FMT  \\$a  MU
=LAS  \\$aW1904-0451$b00$c20190428$lBLL01$h1307
=STA  \\$bPreliminary Record

