=LDR  01640 cm a22004577a 4500
=001  014058089
=003  Uk
=005  20150106110902.0
=008  071010s\\\\\\\\\\\\\\\\\\\\\\\\\\|\zxx\\
=040  \\$aUk$beng$cUk
=082  14$a780$215
=100  1\$aMoran, P. K.$q(Peter K.),$d-1831.
=245  10$aP. K. Moran's celebrated variations, to the Swiss waltz.
=264  \1$aDublin :$bRobinson, Bussell & Robinson,$c[s.d.]
=300  \\$a7 pages ;$c33 cm. (folio)
=336  \\$anotated music$2rdacontent
=337  \\$aunmediated$2rdamedia
=338  \\$avolume$2rdacarrier
=340  \\$mfolio$2rdabf
=852  41$aBritish Library$bMUSIC$jh.726.ww.(2.)
=985  \\$aAddress on t.p.: 7 Westmoreland Street.
=985  \\$aRecord amended for WR# 13/070
=985  \\$aCorrected by MS generated file for WR# 1805-0738
=CAT  \\$a12754$b40$c20071010$lBLL01$h0907
=CAT  \\$aBATCH-UPD$b40$c20091117$lBLL01$h1558
=CAT  \\$aBATCH$b00$c20091117$lBLL01$h1624
=CAT  \\$aBATCH-UPD$b00$c20121031$lBLL01$h1325
=CAT  \\$aBATCH-UPD$b00$c20121114$lBLL01$h1703
=CAT  \\$aWR13_070$b00$c20130504$lBLL01$h0256
=CAT  \\$aWR13_070C$c20130611$lBLL01$h1854
=CAT  \\$aWR13_204$c20140208$lBLL01$h1011
=CAT  \\$aWR13_204$c20140208$lBLL01$h1035
=CAT  \\$a7988$b40$c20150106$lBLL01$h1109
=CAT  \\$aWR15_100$c20150915$lBLL01$h0346
=CAT  \\$c20151020$lBLL01$h1323
=CAT  \\$a1805-0738$c20181228$lBLL01$h1814
=CAT  \\$a1805-0738$b00$c20181228$lBLL01$h1902
=CAT  \\$aW1904-0451$c20190428$lBLL01$h1307
=FMT  \\$a  MU
=LAS  \\$aW1904-0451$b00$c20190428$lBLL01$h1307
=STA  \\$bPreliminary Record

