=LDR  01680 cm a22004577a 4500
=001  014058156
=003  Uk
=005  20150608094850.0
=008  071010s1895\\\\enk\\\\\\\\\\\\\\\|\eng\\
=028  22$aE. A. & Co. 1015$bE. Ascherberg & Co.
=040  \\$aUk$beng$cUk
=082  14$a780$215
=100  1\$aMorgan, Orlando.
=245  10$aFour songs$b(for soprano or tenor)$ccomposed by R. Orlando Morgan.
=264  \1$aLondon :$bE. Ascherberg & Co,$cc1895.
=300  \\$a1 score (19 pages) ;$c31 cm. (folio)
=336  \\$anotated music$2rdacontent
=337  \\$aunmediated$2rdamedia
=338  \\$avolume$2rdacarrier
=340  \\$mfolio$2rdabf
=505  0\$a1. The white dove -- 2. The sweet secret -- 3. Song of an Arabian girl -- 4. Love's regret.
=852  41$aBritish Library$bMUSIC$jG.242.yy.(5.)
=985  \\$aAddress on t.p.: 46 Berners Street.
=985  \\$aCorrected by MS generated file for WR# 1805-0738
=CAT  \\$a12754$b40$c20071010$lBLL01$h1007
=CAT  \\$aBATCH-UPD$b40$c20091117$lBLL01$h1558
=CAT  \\$aBATCH$b00$c20091117$lBLL01$h1624
=CAT  \\$aBATCH-UPD$b00$c20121031$lBLL01$h1325
=CAT  \\$aBATCH-UPD$b00$c20121114$lBLL01$h1703
=CAT  \\$aWR13_204$c20140208$lBLL01$h1011
=CAT  \\$aWR13_204$c20140208$lBLL01$h1035
=CAT  \\$a7988$b40$c20150608$lBLL01$h0948
=CAT  \\$aWR15_100$c20150915$lBLL01$h0346
=CAT  \\$c20151020$lBLL01$h1222
=CAT  \\$c20151020$lBLL01$h1323
=CAT  \\$a8870$b40$c20160511$lBLL01$h1158
=CAT  \\$a1805-0738$c20181228$lBLL01$h1814
=CAT  \\$a1805-0738$b00$c20181228$lBLL01$h1902
=FMT  \\$a  MU
=LAS  \\$a1805-0738$b00$c20181228$lBLL01$h1902
=STA  \\$bPreliminary Record

