=LDR  01600 cm a22004577a 4500
=001  014058316
=003  Uk
=005  20150106110759.0
=008  071010s\\\\\\\\enk\\\\\\\\\\\\\\\|\zxx\\
=028  22$a51$bCramer, Addison & Beale.
=040  \\$aUk$beng$cUk
=082  14$a780$215
=100  1\$aMoscheles, Ignaz,$d1794-1870.
=245  10$aTwo airs de ballet,$bfor the piano forte,$ccomposed by J. Moscheles.
=264  \1$aLondon :$bCramer, Addison & Beale,$c[s.d.]
=300  \\$a7 pages ;$c32 cm. (folio)
=336  \\$anotated music$2rdacontent
=337  \\$aunmediated$2rdamedia
=338  \\$avolume$2rdacarrier
=340  \\$mfolio$2rdabf
=500  \\$aNo. [1].
=852  41$aBritish Library$bMUSIC$jh.726.ww.(1.)
=985  \\$aAddress on t.p.: 201 Regent Street.
=985  \\$aCorrected by MS generated file for WR# 1805-0738
=CAT  \\$a12754$b40$c20071010$lBLL01$h1215
=CAT  \\$aBATCH-UPD$b40$c20091117$lBLL01$h1558
=CAT  \\$aBATCH$b00$c20091117$lBLL01$h1624
=CAT  \\$aBATCH-UPD$b00$c20121031$lBLL01$h1325
=CAT  \\$aBATCH-UPD$b00$c20121114$lBLL01$h1703
=CAT  \\$aWR13_204$c20140208$lBLL01$h1011
=CAT  \\$aWR13_204$c20140208$lBLL01$h1035
=CAT  \\$a7988$b40$c20150106$lBLL01$h1107
=CAT  \\$aWR15_100$c20150915$lBLL01$h0346
=CAT  \\$c20151020$lBLL01$h1222
=CAT  \\$c20151020$lBLL01$h1323
=CAT  \\$a1805-0738$c20181228$lBLL01$h1814
=CAT  \\$a1805-0738$b00$c20181228$lBLL01$h1902
=CAT  \\$aW1904-0451$c20190428$lBLL01$h1307
=FMT  \\$a  MU
=LAS  \\$aW1904-0451$b00$c20190428$lBLL01$h1307
=STA  \\$bPreliminary Record

