=LDR  01763 cm a22004577a 4500
=001  014099976
=003  Uk
=005  20150602105343.0
=008  071016s\\\\\\\\enk\\\\\\\\\\\\\\\|\zxx\\
=028  22$a319$bLondon Music Publishing Co.
=040  \\$aUk$beng$cUk
=082  14$a780$215
=100  1\$aPearce, Charles William,$d1856-1928.
=245  10$aThree hymn-studies$bon ancient sarum melodies ... for the organ$ccomposed by Charles William Pearce.
=264  \1$aLondon :$bLondon Music Publishing Co,$c[s.d.]
=300  \\$a9 pages ;$c36 x 26 cm. (folio)
=336  \\$anotated music$2rdacontent
=337  \\$aunmediated$2rdamedia
=338  \\$avolume$2rdacarrier
=340  \\$mfolio$2rdabf
=505  0\$a1. Creator of the starry height. -- 2. Jesu! The very thought is sweet. -- 3. Faithful cross, above all other.
=852  41$aBritish Library$bMUSIC$je.174.mm.(7.)
=985  \\$aAddress on t.p.: 54 Great Marlborough Street.
=985  \\$aCorrected by MS generated file for WR# 1805-0738
=CAT  \\$a12754$b40$c20071016$lBLL01$h1529
=CAT  \\$aBATCH-UPD$b40$c20091117$lBLL01$h1558
=CAT  \\$aBATCH$b00$c20091117$lBLL01$h1624
=CAT  \\$aBATCH-UPD$b00$c20121031$lBLL01$h1325
=CAT  \\$aBATCH-UPD$b00$c20121114$lBLL01$h1703
=CAT  \\$aWR13_204$c20140208$lBLL01$h1011
=CAT  \\$aWR13_204$c20140208$lBLL01$h1035
=CAT  \\$a7988$b40$c20150602$lBLL01$h1053
=CAT  \\$aWR15_100$c20150915$lBLL01$h0346
=CAT  \\$c20151020$lBLL01$h1222
=CAT  \\$c20151020$lBLL01$h1323
=CAT  \\$a1805-0738$c20181228$lBLL01$h1814
=CAT  \\$a1805-0738$b00$c20181228$lBLL01$h1902
=CAT  \\$aW1904-0451$c20190428$lBLL01$h1308
=FMT  \\$a  MU
=LAS  \\$aW1904-0451$b00$c20190428$lBLL01$h1308
=STA  \\$bPreliminary Record

