=LDR  01592 cm a22004457a 4500
=001  014101629
=003  Uk
=005  20150602104912.0
=008  071017s\\\\\\\\enk\\\\\\\\\\\\\\\|\zxx\\
=028  22$aW. 3102.$bWeekes & Co.
=040  \\$aUk$beng$cUk
=082  14$a780$215
=100  1\$aPearce, Charles William,$d1856-1928.
=245  14$aThe royal banners.$ba dramatic fantasia for the organ$ccomposed by Charles William Pearce.
=264  \1$aLondon :$bWeekes & Co,$c[s.d.]
=300  \\$a15 pages ;$c36 x 25 cm. (folio)
=336  \\$anotated music$2rdacontent
=337  \\$aunmediated$2rdamedia
=338  \\$avolume$2rdacarrier
=340  \\$mfolio$2rdabf
=852  41$aBritish Library$bMUSIC$je.174.mm.(4.)
=985  \\$aAddress on t.p.: 14 Hanover Street.
=985  \\$aCorrected by MS generated file for WR# 1805-0738
=CAT  \\$a12754$b40$c20071017$lBLL01$h0917
=CAT  \\$aBATCH-UPD$b40$c20091117$lBLL01$h1558
=CAT  \\$aBATCH$b00$c20091117$lBLL01$h1624
=CAT  \\$aBATCH-UPD$b00$c20121031$lBLL01$h1325
=CAT  \\$aBATCH-UPD$b00$c20121114$lBLL01$h1703
=CAT  \\$aWR13_204$c20140208$lBLL01$h1011
=CAT  \\$aWR13_204$c20140208$lBLL01$h1035
=CAT  \\$a7988$b40$c20150602$lBLL01$h1049
=CAT  \\$aWR15_100$c20150915$lBLL01$h0346
=CAT  \\$c20151020$lBLL01$h1222
=CAT  \\$c20151020$lBLL01$h1323
=CAT  \\$a1805-0738$c20181228$lBLL01$h1814
=CAT  \\$a1805-0738$b00$c20181228$lBLL01$h1902
=CAT  \\$aW1904-0451$c20190428$lBLL01$h1308
=FMT  \\$a  MU
=LAS  \\$aW1904-0451$b00$c20190428$lBLL01$h1308
=STA  \\$bPreliminary Record

