=LDR  01308 cm a22003857a 4500
=001  014275229
=003  Uk
=005  20150706104723.0
=008  071106s\\\\\\\\enk\\\\\\\\\\\\\\\|\eng\\
=040  \\$aUk$beng$cUk
=082  14$a780$215
=100  1\$aScholefield, Clement Cotterill,$d1839-1904.
=245  10$aO Lord, how happy should we be.$cJ. Anstice. Rev. C. C. Scholefield.
=260  \\$aLondon :$bJ. Curwen & Sons,$c[s.d.]
=300  \\$a1 score (2 p.) ;$c21 cm.
=336  \\$anotated music$2rdacontent
=337  \\$aunmediated$2rdamedia
=338  \\$avolume$2rdacarrier
=700  1\$aAnstice, J.
=852  41$aBritish Library$bMUSIC$jC.800.t.(10.)
=985  \\$aAddress on t.p.: 8 & 9 Warwick Lane, E.C.
=CAT  \\$a11696$b40$c20071106$lBLL01$h1128
=CAT  \\$aBATCH-UPD$b40$c20091117$lBLL01$h1559
=CAT  \\$aBATCH$b00$c20091117$lBLL01$h1624
=CAT  \\$aBATCH-UPD$b00$c20121031$lBLL01$h1325
=CAT  \\$aBATCH-UPD$b00$c20121114$lBLL01$h1703
=CAT  \\$aWR13_204$c20140208$lBLL01$h1011
=CAT  \\$aWR13_204$c20140208$lBLL01$h1035
=CAT  \\$a7988$b40$c20150706$lBLL01$h1047
=CAT  \\$aWR15_100$c20150915$lBLL01$h0346
=CAT  \\$c20151020$lBLL01$h1222
=CAT  \\$c20151020$lBLL01$h1323
=FMT  \\$a  MU
=LAS  \\$c20151020$lBLL01$h1323
=STA  \\$bPreliminary Record

