=LDR  01292 cm a22003737a 4500
=001  014308364
=003  Uk
=005  20150706104423.0
=008  071108s\\\\\\\\enk\\\\\\\\\\\\\\\|\eng\\
=040  \\$aUk$beng$cUk
=082  14$a780$215
=100  1\$aSpinney, Thomas Herbert
=245  10$aChristmas carols for church use.$b(First series.)$cEdited and composed by the Rev. T. Herbert Spinney,
=260  \\$aLondon :$bWilliam Reeves,$c[s.d.]
=300  \\$a1 score (15 p.) ;$c19 cm.
=336  \\$anotated music$2rdacontent
=337  \\$aunmediated$2rdamedia
=338  \\$avolume$2rdacarrier
=852  41$aBritish Library$bMUSIC$jB.880.kk.(2.)
=985  \\$aAddress on t.p.: 185, Fleet Street, E.C.
=CAT  \\$a11696$b40$c20071108$lBLL01$h1518
=CAT  \\$aBATCH-UPD$b40$c20091117$lBLL01$h1559
=CAT  \\$aBATCH$b00$c20091117$lBLL01$h1625
=CAT  \\$aBATCH-UPD$b00$c20121031$lBLL01$h1325
=CAT  \\$aBATCH-UPD$b00$c20121114$lBLL01$h1703
=CAT  \\$aWR13_204$c20140208$lBLL01$h1011
=CAT  \\$aWR13_204$c20140208$lBLL01$h1035
=CAT  \\$a7988$b40$c20150706$lBLL01$h1044
=CAT  \\$aWR15_100$c20150915$lBLL01$h0347
=CAT  \\$c20151020$lBLL01$h1222
=CAT  \\$c20151020$lBLL01$h1323
=FMT  \\$a  MU
=LAS  \\$c20151020$lBLL01$h1323
=STA  \\$bPreliminary Record

