=LDR  01593 cm a22004457a 4500
=001  014466485
=003  Uk
=005  20150602105939.0
=008  071206s\\\\\\\\enk\\\\\\\\\\\\\\\|\zxx\\
=FMT  \\$a  MU
=028  22$aA. 603 L.$bAlfred Lengnick & Co.
=040  \\$aUk$beng$cUk
=082  14$a780$215
=100  1\$aWolstenholme, W.$q(William),$d1865-1931.
=245  10$aSonata for the organ in the style of Handel.$cW. Wolstenholme.
=264  \1$aLondon :$bAlfred Lengnick & Co,$c[s.d.]
=300  \\$a12 pages ;$c26 x 36 cm. (folio)
=336  \\$anotated music$2rdacontent
=337  \\$aunmediated$2rdamedia
=338  \\$avolume$2rdacarrier
=340  \\$mfolio$2rdabf
=852  41$aBritish Library$bMUSIC$je.174.mm.(12.)
=985  \\$aAddress on t.p.: 14 Berners Street, W.1.
=985  \\$aCorrected by MS generated file for WR# 1805-0738
=CAT  \\$a12754$b40$c20071206$lBLL01$h1422
=CAT  \\$aBATCH-UPD$b40$c20091117$lBLL01$h1559
=CAT  \\$aBATCH$b00$c20091117$lBLL01$h1625
=CAT  \\$aBATCH-UPD$b00$c20121031$lBLL01$h1325
=CAT  \\$aBATCH-UPD$b00$c20121114$lBLL01$h1703
=CAT  \\$aWR13_204$c20140208$lBLL01$h1011
=CAT  \\$aWR13_204$c20140208$lBLL01$h1035
=CAT  \\$a7988$b40$c20150602$lBLL01$h1059
=CAT  \\$aWR15_100$c20150915$lBLL01$h0347
=CAT  \\$c20151020$lBLL01$h1222
=CAT  \\$c20151020$lBLL01$h1323
=CAT  \\$a1805-0738$c20181228$lBLL01$h1815
=CAT  \\$a1805-0738$b00$c20181228$lBLL01$h1903
=CAT  \\$aW1904-0451$c20190428$lBLL01$h1308
=STA  \\$bPreliminary Record
=LAS  \\$aW1904-0451$b00$c20190428$lBLL01$h1308

